[
  {
    "date": "2025-02-28",
    "symbol": "ADBE",
    "reportedCurrency": "USD",
    "cik": "0000796343",
    "fillingDate": "2025-03-26",
    "acceptedDate": "2025-03-26 16:03:42",
    "calendarYear": "2025",
    "period": "Q1",
    "revenue": 5714000000,
    "costOfRevenue": 622000000,
    "grossProfit": 5092000000,
    "grossProfitRatio": 0.8911445572,
    "researchAndDevelopmentExpenses": 1026000000,
    "generalAndAdministrativeExpenses": 367000000,
    "sellingAndMarketingExpenses": 1495000000,
    "sellingGeneralAndAdministrativeExpenses": 1862000000,
    "otherExpenses": 41000000,
    "operatingExpenses": 2929000000,
    "costAndExpenses": 3551000000,
    "interestIncome": 0,
    "interestExpense": 62000000,
    "depreciationAndAmortization": 217000000,
    "ebitda": 2461000000,
    "ebitdaratio": 0.4306965348,
    "operatingIncome": 2163000000,
    "operatingIncomeRatio": 0.3785439272,
    "totalOtherIncomeExpensesNet": 19000000,
    "incomeBeforeTax": 2182000000,
    "incomeBeforeTaxRatio": 0.3818690935,
    "incomeTaxExpense": 371000000,
    "netIncome": 1811000000,
    "netIncomeRatio": 0.316940847,
    "eps": 4.15,
    "epsdiluted": 4.13,
    "weightedAverageShsOut": 436000000,
    "weightedAverageShsOutDil": 438000000,
    "link": "https://www.sec.gov/Archives/edgar/data/796343/000079634325000059/0000796343-25-000059-index.htm",
    "finalLink": "https://www.sec.gov/Archives/edgar/data/796343/000079634325000059/adbe-20250228.htm"
  },
  {
    "date": "2024-11-29",
    "symbol": "ADBE",
    "reportedCurrency": "USD",
    "cik": "0000796343",
    "fillingDate": "2025-01-13",
    "acceptedDate": "2025-01-13 16:02:17",
    "calendarYear": "2024",
    "period": "Q4",
    "revenue": 5606000000,
    "costOfRevenue": 616000000,
    "grossProfit": 4990000000,
    "grossProfitRatio": 0.890117731,
    "researchAndDevelopmentExpenses": 999000000,
    "generalAndAdministrativeExpenses": 456000000,
    "sellingAndMarketingExpenses": 1536000000,
    "sellingGeneralAndAdministrativeExpenses": 1992000000,
    "otherExpenses": 42000000,
    "operatingExpenses": 2991000000,
    "costAndExpenses": 3649000000,
    "interestIncome": 0,
    "interestExpense": 0,
    "depreciationAndAmortization": 218000000,
    "ebitda": 2259000000,
    "ebitdaratio": 0.4029611131,
    "operatingIncome": 1957000000,
    "operatingIncomeRatio": 0.3490902604,
    "totalOtherIncomeExpensesNet": 34000000,
    "incomeBeforeTax": 1991000000,
    "incomeBeforeTaxRatio": 0.3551551909,
    "incomeTaxExpense": 308000000,
    "netIncome": 1683000000,
    "netIncomeRatio": 0.3002140564,
    "eps": 3.77,
    "epsdiluted": 3.8,
    "weightedAverageShsOut": 447000000,
    "weightedAverageShsOutDil": 443000000,
    "link": "https://www.sec.gov/Archives/edgar/data/796343/000079634325000004/0000796343-25-000004-index.htm",
    "finalLink": "https://www.sec.gov/Archives/edgar/data/796343/000079634325000004/adbe-20241129.htm"
  },
  {
    "date": "2024-08-30",
    "symbol": "ADBE",
    "reportedCurrency": "USD",
    "cik": "0000796343",
    "fillingDate": "2024-09-25",
    "acceptedDate": "2024-09-25 16:01:59",
    "calendarYear": "2024",
    "period": "Q3",
    "revenue": 5408000000,
    "costOfRevenue": 554000000,
    "grossProfit": 4854000000,
    "grossProfitRatio": 0.8975591716,
    "researchAndDevelopmentExpenses": 1022000000,
    "generalAndAdministrativeExpenses": 366000000,
    "sellingAndMarketingExpenses": 1431000000,
    "sellingGeneralAndAdministrativeExpenses": 1797000000,
    "otherExpenses": 43000000,
    "operatingExpenses": 2862000000,
    "costAndExpenses": 3416000000,
    "interestIncome": 0,
    "interestExpense": 51000000,
    "depreciationAndAmortization": 213000000,
    "ebitda": 2306000000,
    "ebitdaratio": 0.4264053254,
    "operatingIncome": 1992000000,
    "operatingIncomeRatio": 0.3683431953,
    "totalOtherIncomeExpensesNet": 50000000,
    "incomeBeforeTax": 2042000000,
    "incomeBeforeTaxRatio": 0.3775887574,
    "incomeTaxExpense": 358000000,
    "netIncome": 1684000000,
    "netIncomeRatio": 0.3113905325,
    "eps": 3.78,
    "epsdiluted": 3.76,
    "weightedAverageShsOut": 445000000,
    "weightedAverageShsOutDil": 448000000,
    "link": "https://www.sec.gov/Archives/edgar/data/796343/000079634324000208/0000796343-24-000208-index.htm",
    "finalLink": "https://www.sec.gov/Archives/edgar/data/796343/000079634324000208/adbe-20240830.htm"
  },
  {
    "date": "2024-05-31",
    "symbol": "ADBE",
    "reportedCurrency": "USD",
    "cik": "0000796343",
    "fillingDate": "2024-06-26",
    "acceptedDate": "2024-06-26 16:03:14",
    "calendarYear": "2024",
    "period": "Q2",
    "revenue": 5309000000,
    "costOfRevenue": 640000000,
    "grossProfit": 4669000000,
    "grossProfitRatio": 0.8794499906,
    "researchAndDevelopmentExpenses": 984000000,
    "generalAndAdministrativeExpenses": 355000000,
    "sellingAndMarketingExpenses": 1445000000,
    "sellingGeneralAndAdministrativeExpenses": 1800000000,
    "otherExpenses": 82000000,
    "operatingExpenses": 2784000000,
    "costAndExpenses": 3424000000,
    "interestIncome": 0,
    "interestExpense": 41000000,
    "depreciationAndAmortization": 233000000,
    "ebitda": 2118000000,
    "ebitdaratio": 0.3989451874,
    "operatingIncome": 1885000000,
    "operatingIncomeRatio": 0.3550574496,
    "totalOtherIncomeExpensesNet": 45000000,
    "incomeBeforeTax": 1930000000,
    "incomeBeforeTaxRatio": 0.3635336222,
    "incomeTaxExpense": 357000000,
    "netIncome": 1573000000,
    "netIncomeRatio": 0.29628932,
    "eps": 3.5,
    "epsdiluted": 3.49,
    "weightedAverageShsOut": 449000000,
    "weightedAverageShsOutDil": 451000000,
    "link": "https://www.sec.gov/Archives/edgar/data/796343/000079634324000150/0000796343-24-000150-index.htm",
    "finalLink": "https://www.sec.gov/Archives/edgar/data/796343/000079634324000150/adbe-20240531.htm"
  },
  {
    "date": "2024-03-01",
    "symbol": "ADBE",
    "reportedCurrency": "USD",
    "cik": "0000796343",
    "fillingDate": "2024-03-27",
    "acceptedDate": "2024-03-27 08:05:50",
    "calendarYear": "2024",
    "period": "Q1",
    "revenue": 5182000000,
    "costOfRevenue": 632000000,
    "grossProfit": 4550000000,
    "grossProfitRatio": 0.878039367,
    "researchAndDevelopmentExpenses": 939000000,
    "generalAndAdministrativeExpenses": 352000000,
    "sellingAndMarketingExpenses": 1352000000,
    "sellingGeneralAndAdministrativeExpenses": 1704000000,
    "otherExpenses": 70000000,
    "operatingExpenses": 2643000000,
    "costAndExpenses": 3275000000,
    "interestIncome": 0,
    "interestExpense": 27000000,
    "depreciationAndAmortization": 230000000,
    "ebitda": 2137000000,
    "ebitdaratio": 0.412389039,
    "operatingIncome": 1907000000,
    "operatingIncomeRatio": 0.3680046314,
    "totalOtherIncomeExpensesNet": 61000000,
    "incomeBeforeTax": 968000000,
    "incomeBeforeTaxRatio": 0.1868004631,
    "incomeTaxExpense": 348000000,
    "netIncome": 620000000,
    "netIncomeRatio": 0.1196449247,
    "eps": 1.37,
    "epsdiluted": 1.36,
    "weightedAverageShsOut": 453000000,
    "weightedAverageShsOutDil": 456000000,
    "link": "https://www.sec.gov/Archives/edgar/data/796343/000079634324000065/0000796343-24-000065-index.htm",
    "finalLink": "https://www.sec.gov/Archives/edgar/data/796343/000079634324000065/adbe-20240301.htm"
  },
  {
    "date": "2023-12-01",
    "symbol": "ADBE",
    "reportedCurrency": "USD",
    "cik": "0000796343",
    "fillingDate": "2024-01-17",
    "acceptedDate": "2024-01-16 20:01:55",
    "calendarYear": "2023",
    "period": "Q4",
    "revenue": 5048000000,
    "costOfRevenue": 634000000,
    "grossProfit": 4414000000,
    "grossProfitRatio": 0.8744057052,
    "researchAndDevelopmentExpenses": 889000000,
    "generalAndAdministrativeExpenses": 372000000,
    "sellingAndMarketingExpenses": 1368000000,
    "sellingGeneralAndAdministrativeExpenses": 1740000000,
    "otherExpenses": 89000000,
    "operatingExpenses": 2671000000,
    "costAndExpenses": 3305000000,
    "interestIncome": 269000000,
    "interestExpense": 28000000,
    "depreciationAndAmortization": 240000000,
    "ebitda": 2076000000,
    "ebitdaratio": 0.411251981,
    "operatingIncome": 1743000000,
    "operatingIncomeRatio": 0.3452852615,
    "totalOtherIncomeExpensesNet": 65000000,
    "incomeBeforeTax": 1808000000,
    "incomeBeforeTaxRatio": 0.3581616482,
    "incomeTaxExpense": 325000000,
    "netIncome": 1483000000,
    "netIncomeRatio": 0.2937797147,
    "eps": 3.26,
    "epsdiluted": 3.23,
    "weightedAverageShsOut": 455000000,
    "weightedAverageShsOutDil": 459000000,
    "link": "https://www.sec.gov/Archives/edgar/data/796343/000079634324000006/0000796343-24-000006-index.htm",
    "finalLink": "https://www.sec.gov/Archives/edgar/data/796343/000079634324000006/adbe-20231201.htm"
  },
  {
    "date": "2023-09-01",
    "symbol": "ADBE",
    "reportedCurrency": "USD",
    "cik": "0000796343",
    "fillingDate": "2023-09-27",
    "acceptedDate": "2023-09-27 16:05:22",
    "calendarYear": "2023",
    "period": "Q3",
    "revenue": 4890000000,
    "costOfRevenue": 580000000,
    "grossProfit": 4310000000,
    "grossProfitRatio": 0.881390593,
    "researchAndDevelopmentExpenses": 881000000,
    "generalAndAdministrativeExpenses": 353000000,
    "sellingAndMarketingExpenses": 1337000000,
    "sellingGeneralAndAdministrativeExpenses": 1690000000,
    "otherExpenses": 67000000,
    "operatingExpenses": 2613000000,
    "costAndExpenses": 3193000000,
    "interestIncome": 27000000,
    "interestExpense": 27000000,
    "depreciationAndAmortization": 236000000,
    "ebitda": 2006000000,
    "ebitdaratio": 0.4102249489,
    "operatingIncome": 1697000000,
    "operatingIncomeRatio": 0.3470347648,
    "totalOtherIncomeExpensesNet": 46000000,
    "incomeBeforeTax": 1743000000,
    "incomeBeforeTaxRatio": 0.3564417178,
    "incomeTaxExpense": 340000000,
    "netIncome": 1403000000,
    "netIncomeRatio": 0.2869120654,
    "eps": 3.07,
    "epsdiluted": 3.05,
    "weightedAverageShsOut": 456000000,
    "weightedAverageShsOutDil": 459000000,
    "link": "https://www.sec.gov/Archives/edgar/data/796343/000079634323000205/0000796343-23-000205-index.htm",
    "finalLink": "https://www.sec.gov/Archives/edgar/data/796343/000079634323000205/adbe-20230901.htm"
  },
  {
    "date": "2023-06-02",
    "symbol": "ADBE",
    "reportedCurrency": "USD",
    "cik": "0000796343",
    "fillingDate": "2023-06-28",
    "acceptedDate": "2023-06-28 16:25:23",
    "calendarYear": "2023",
    "period": "Q2",
    "revenue": 4816000000,
    "costOfRevenue": 572000000,
    "grossProfit": 4244000000,
    "grossProfitRatio": 0.8812292359,
    "researchAndDevelopmentExpenses": 876000000,
    "generalAndAdministrativeExpenses": 357000000,
    "sellingAndMarketingExpenses": 1345000000,
    "sellingGeneralAndAdministrativeExpenses": 1702000000,
    "otherExpenses": 42000000,
    "operatingExpenses": 2620000000,
    "costAndExpenses": 3192000000,
    "interestIncome": 26000000,
    "interestExpense": 26000000,
    "depreciationAndAmortization": 235000000,
    "ebitda": 1911000000,
    "ebitdaratio": 0.3968023256,
    "operatingIncome": 1624000000,
    "operatingIncomeRatio": 0.3372093023,
    "totalOtherIncomeExpensesNet": 26000000,
    "incomeBeforeTax": 1650000000,
    "incomeBeforeTaxRatio": 0.3426079734,
    "incomeTaxExpense": 355000000,
    "netIncome": 1295000000,
    "netIncomeRatio": 0.2688953488,
    "eps": 2.83,
    "epsdiluted": 2.82,
    "weightedAverageShsOut": 458000000,
    "weightedAverageShsOutDil": 459000000,
    "link": "https://www.sec.gov/Archives/edgar/data/796343/000079634323000153/0000796343-23-000153-index.htm",
    "finalLink": "https://www.sec.gov/Archives/edgar/data/796343/000079634323000153/adbe-20230602.htm"
  },
  {
    "date": "2023-03-03",
    "symbol": "ADBE",
    "reportedCurrency": "USD",
    "cik": "0000796343",
    "fillingDate": "2023-03-29",
    "acceptedDate": "2023-03-29 17:15:50",
    "calendarYear": "2023",
    "period": "Q1",
    "revenue": 4655000000,
    "costOfRevenue": 568000000,
    "grossProfit": 4087000000,
    "grossProfitRatio": 0.877980666,
    "researchAndDevelopmentExpenses": 827000000,
    "generalAndAdministrativeExpenses": 331000000,
    "sellingAndMarketingExpenses": 1301000000,
    "sellingGeneralAndAdministrativeExpenses": 1632000000,
    "otherExpenses": 42000000,
    "operatingExpenses": 2501000000,
    "costAndExpenses": 3069000000,
    "interestIncome": 0,
    "interestExpense": 0,
    "depreciationAndAmortization": 212000000,
    "ebitda": 1798000000,
    "ebitdaratio": 0.3862513426,
    "operatingIncome": 1586000000,
    "operatingIncomeRatio": 0.3407089151,
    "totalOtherIncomeExpensesNet": 12000000,
    "incomeBeforeTax": 1598000000,
    "incomeBeforeTaxRatio": 0.3432867884,
    "incomeTaxExpense": 351000000,
    "netIncome": 1247000000,
    "netIncomeRatio": 0.2678839957,
    "eps": 2.71,
    "epsdiluted": 2.71,
    "weightedAverageShsOut": 460147601,
    "weightedAverageShsOutDil": 459500000,
    "link": "https://www.sec.gov/Archives/edgar/data/796343/000079634323000055/0000796343-23-000055-index.htm",
    "finalLink": "https://www.sec.gov/Archives/edgar/data/796343/000079634323000055/adbe-20230303.htm"
  },
  {
    "date": "2022-12-02",
    "symbol": "ADBE",
    "reportedCurrency": "USD",
    "cik": "0000796343",
    "fillingDate": "2023-01-17",
    "acceptedDate": "2023-01-17 16:34:00",
    "calendarYear": "2022",
    "period": "Q4",
    "revenue": 4525000000,
    "costOfRevenue": 568000000,
    "grossProfit": 3957000000,
    "grossProfitRatio": 0.8744751381,
    "researchAndDevelopmentExpenses": 773000000,
    "generalAndAdministrativeExpenses": 340000000,
    "sellingAndMarketingExpenses": 1297000000,
    "sellingGeneralAndAdministrativeExpenses": 1637000000,
    "otherExpenses": 42000000,
    "operatingExpenses": 2452000000,
    "costAndExpenses": 3020000000,
    "interestIncome": 0,
    "interestExpense": 0,
    "depreciationAndAmortization": 215000000,
    "ebitda": 1720000000,
    "ebitdaratio": 0.3801104972,
    "operatingIncome": 1505000000,
    "operatingIncomeRatio": 0.3325966851,
    "totalOtherIncomeExpensesNet": 12000000,
    "incomeBeforeTax": 1517000000,
    "incomeBeforeTaxRatio": 0.3352486188,
    "incomeTaxExpense": 341000000,
    "netIncome": 1176000000,
    "netIncomeRatio": 0.2598895028,
    "eps": 2.53,
    "epsdiluted": 2.52,
    "weightedAverageShsOut": 465307304,
    "weightedAverageShsOutDil": 466000000,
    "link": "https://www.sec.gov/Archives/edgar/data/796343/000079634323000007/0000796343-23-000007-index.htm",
    "finalLink": "https://www.sec.gov/Archives/edgar/data/796343/000079634323000007/adbe-20221202.htm"
  },
  {
    "date": "2022-09-02",
    "symbol": "ADBE",
    "reportedCurrency": "USD",
    "cik": "0000796343",
    "fillingDate": "2022-09-28",
    "acceptedDate": "2022-09-28 16:03:14",
    "calendarYear": "2022",
    "period": "Q3",
    "revenue": 4433000000,
    "costOfRevenue": 546000000,
    "grossProfit": 3887000000,
    "grossProfitRatio": 0.8768328446,
    "researchAndDevelopmentExpenses": 775000000,
    "generalAndAdministrativeExpenses": 319000000,
    "sellingAndMarketingExpenses": 1266000000,
    "sellingGeneralAndAdministrativeExpenses": 1585000000,
    "otherExpenses": 43000000,
    "operatingExpenses": 2403000000,
    "costAndExpenses": 2949000000,
    "interestIncome": 28000000,
    "interestExpense": 28000000,
    "depreciationAndAmortization": 237000000,
    "ebitda": 1484000000,
    "ebitdaratio": 0.3347620122,
    "operatingIncome": 1484000000,
    "operatingIncomeRatio": 0.3347620122,
    "totalOtherIncomeExpensesNet": -28000000,
    "incomeBeforeTax": 1456000000,
    "incomeBeforeTaxRatio": 0.3284457478,
    "incomeTaxExpense": 320000000,
    "netIncome": 1136000000,
    "netIncomeRatio": 0.2562598692,
    "eps": 2.42,
    "epsdiluted": 2.42,
    "weightedAverageShsOut": 469000000,
    "weightedAverageShsOutDil": 469000000,
    "link": "https://www.sec.gov/Archives/edgar/data/796343/000079634322000196/0000796343-22-000196-index.htm",
    "finalLink": "https://www.sec.gov/Archives/edgar/data/796343/000079634322000196/adbe-20220902.htm"
  },
  {
    "date": "2022-06-03",
    "symbol": "ADBE",
    "reportedCurrency": "USD",
    "cik": "0000796343",
    "fillingDate": "2022-06-29",
    "acceptedDate": "2022-06-29 16:12:27",
    "calendarYear": "2022",
    "period": "Q2",
    "revenue": 4386000000,
    "costOfRevenue": 539000000,
    "grossProfit": 3847000000,
    "grossProfitRatio": 0.8771089831,
    "researchAndDevelopmentExpenses": 738000000,
    "generalAndAdministrativeExpenses": 291000000,
    "sellingAndMarketingExpenses": 1247000000,
    "sellingGeneralAndAdministrativeExpenses": 1538000000,
    "otherExpenses": 42000000,
    "operatingExpenses": 2318000000,
    "costAndExpenses": 2857000000,
    "interestIncome": 0,
    "interestExpense": 28000000,
    "depreciationAndAmortization": 232000000,
    "ebitda": 1752000000,
    "ebitdaratio": 0.3994528044,
    "operatingIncome": 1529000000,
    "operatingIncomeRatio": 0.3486092111,
    "totalOtherIncomeExpensesNet": -37000000,
    "incomeBeforeTax": 1492000000,
    "incomeBeforeTaxRatio": 0.3401732786,
    "incomeTaxExpense": 314000000,
    "netIncome": 1178000000,
    "netIncomeRatio": 0.2685818513,
    "eps": 2.5,
    "epsdiluted": 2.49,
    "weightedAverageShsOut": 472000000,
    "weightedAverageShsOutDil": 473000000,
    "link": "https://www.sec.gov/Archives/edgar/data/796343/000079634322000157/0000796343-22-000157-index.htm",
    "finalLink": "https://www.sec.gov/Archives/edgar/data/796343/000079634322000157/adbe-20220603.htm"
  },
  {
    "date": "2022-03-04",
    "symbol": "ADBE",
    "reportedCurrency": "USD",
    "cik": "0000796343",
    "fillingDate": "2022-03-30",
    "acceptedDate": "2022-03-30 16:22:21",
    "calendarYear": "2022",
    "period": "Q1",
    "revenue": 4262000000,
    "costOfRevenue": 512000000,
    "grossProfit": 3750000000,
    "grossProfitRatio": 0.8798686063,
    "researchAndDevelopmentExpenses": 701000000,
    "generalAndAdministrativeExpenses": 269000000,
    "sellingAndMarketingExpenses": 1158000000,
    "sellingGeneralAndAdministrativeExpenses": 1427000000,
    "otherExpenses": 42000000,
    "operatingExpenses": 2170000000,
    "costAndExpenses": 2682000000,
    "interestIncome": 0,
    "interestExpense": 28000000,
    "depreciationAndAmortization": 235000000,
    "ebitda": 1806000000,
    "ebitdaratio": 0.4237447208,
    "operatingIncome": 1580000000,
    "operatingIncomeRatio": 0.3707179728,
    "totalOtherIncomeExpensesNet": -37000000,
    "incomeBeforeTax": 1543000000,
    "incomeBeforeTaxRatio": 0.3620366025,
    "incomeTaxExpense": 277000000,
    "netIncome": 1266000000,
    "netIncomeRatio": 0.2970436415,
    "eps": 2.67,
    "epsdiluted": 2.67,
    "weightedAverageShsOut": 473000000,
    "weightedAverageShsOutDil": 475000000,
    "link": "https://www.sec.gov/Archives/edgar/data/796343/000079634322000099/0000796343-22-000099-index.htm",
    "finalLink": "https://www.sec.gov/Archives/edgar/data/796343/000079634322000099/adbe-20220304.htm"
  },
  {
    "date": "2021-12-03",
    "symbol": "ADBE",
    "reportedCurrency": "USD",
    "cik": "0000796343",
    "fillingDate": "2022-01-21",
    "acceptedDate": "2022-01-21 16:03:34",
    "calendarYear": "2021",
    "period": "Q4",
    "revenue": 4110000000,
    "costOfRevenue": 507000000,
    "grossProfit": 3603000000,
    "grossProfitRatio": 0.8766423358,
    "researchAndDevelopmentExpenses": 657000000,
    "generalAndAdministrativeExpenses": 274000000,
    "sellingAndMarketingExpenses": 1131000000,
    "sellingGeneralAndAdministrativeExpenses": 1405000000,
    "otherExpenses": -1000000,
    "operatingExpenses": 2102000000,
    "costAndExpenses": 2609000000,
    "interestIncome": 17000000,
    "interestExpense": 28000000,
    "depreciationAndAmortization": 225000000,
    "ebitda": 1721000000,
    "ebitdaratio": 0.4187347932,
    "operatingIncome": 1501000000,
    "operatingIncomeRatio": 0.3652068127,
    "totalOtherIncomeExpensesNet": -33000000,
    "incomeBeforeTax": 1468000000,
    "incomeBeforeTaxRatio": 0.3571776156,
    "incomeTaxExpense": 235000000,
    "netIncome": 1233000000,
    "netIncomeRatio": 0.3,
    "eps": 2.59,
    "epsdiluted": 2.57,
    "weightedAverageShsOut": 476000000,
    "weightedAverageShsOutDil": 480000000,
    "link": "https://www.sec.gov/Archives/edgar/data/796343/000079634322000032/0000796343-22-000032-index.htm",
    "finalLink": "https://www.sec.gov/Archives/edgar/data/796343/000079634322000032/adbe-20211203.htm"
  },
  {
    "date": "2021-09-03",
    "symbol": "ADBE",
    "reportedCurrency": "USD",
    "cik": "0000796343",
    "fillingDate": "2021-09-29",
    "acceptedDate": "2021-09-29 16:02:05",
    "calendarYear": "2021",
    "period": "Q3",
    "revenue": 3935000000,
    "costOfRevenue": 467000000,
    "grossProfit": 3468000000,
    "grossProfitRatio": 0.881321474,
    "researchAndDevelopmentExpenses": 651000000,
    "generalAndAdministrativeExpenses": 265000000,
    "sellingAndMarketingExpenses": 1068000000,
    "sellingGeneralAndAdministrativeExpenses": 1333000000,
    "otherExpenses": -3000000,
    "operatingExpenses": 2027000000,
    "costAndExpenses": 2494000000,
    "interestIncome": 0,
    "interestExpense": 27000000,
    "depreciationAndAmortization": 213000000,
    "ebitda": 1658000000,
    "ebitdaratio": 0.4213468869,
    "operatingIncome": 1441000000,
    "operatingIncomeRatio": 0.3662007624,
    "totalOtherIncomeExpensesNet": -23000000,
    "incomeBeforeTax": 1418000000,
    "incomeBeforeTaxRatio": 0.3603557814,
    "incomeTaxExpense": 206000000,
    "netIncome": 1212000000,
    "netIncomeRatio": 0.3080050826,
    "eps": 2.54,
    "epsdiluted": 2.52,
    "weightedAverageShsOut": 477000000,
    "weightedAverageShsOutDil": 481000000,
    "link": "https://www.sec.gov/Archives/edgar/data/796343/000079634321000210/0000796343-21-000210-index.htm",
    "finalLink": "https://www.sec.gov/Archives/edgar/data/796343/000079634321000210/adbe-20210903.htm"
  },
  {
    "date": "2021-06-04",
    "symbol": "ADBE",
    "reportedCurrency": "USD",
    "cik": "0000796343",
    "fillingDate": "2021-06-30",
    "acceptedDate": "2021-06-30 16:02:16",
    "calendarYear": "2021",
    "period": "Q2",
    "revenue": 3835000000,
    "costOfRevenue": 444000000,
    "grossProfit": 3391000000,
    "grossProfitRatio": 0.8842242503,
    "researchAndDevelopmentExpenses": 620000000,
    "generalAndAdministrativeExpenses": 256000000,
    "sellingAndMarketingExpenses": 1073000000,
    "sellingGeneralAndAdministrativeExpenses": 1329000000,
    "otherExpenses": 0,
    "operatingExpenses": 1985000000,
    "costAndExpenses": 2429000000,
    "interestIncome": 0,
    "interestExpense": 28000000,
    "depreciationAndAmortization": 208000000,
    "ebitda": 1622000000,
    "ebitdaratio": 0.422946545,
    "operatingIncome": 1406000000,
    "operatingIncomeRatio": 0.3666232073,
    "totalOtherIncomeExpensesNet": -20000000,
    "incomeBeforeTax": 1386000000,
    "incomeBeforeTaxRatio": 0.3614080834,
    "incomeTaxExpense": 270000000,
    "netIncome": 1116000000,
    "netIncomeRatio": 0.2910039113,
    "eps": 2.34,
    "epsdiluted": 2.32,
    "weightedAverageShsOut": 478000000,
    "weightedAverageShsOutDil": 481000000,
    "link": "https://www.sec.gov/Archives/edgar/data/796343/000079634321000159/0000796343-21-000159-index.htm",
    "finalLink": "https://www.sec.gov/Archives/edgar/data/796343/000079634321000159/adbe-20210604.htm"
  },
  {
    "date": "2021-03-05",
    "symbol": "ADBE",
    "reportedCurrency": "USD",
    "cik": "0000796343",
    "fillingDate": "2021-03-31",
    "acceptedDate": "2021-03-31 16:02:34",
    "calendarYear": "2021",
    "period": "Q1",
    "revenue": 3905000000,
    "costOfRevenue": 447000000,
    "grossProfit": 3458000000,
    "grossProfitRatio": 0.88553137,
    "researchAndDevelopmentExpenses": 620000000,
    "generalAndAdministrativeExpenses": 290000000,
    "sellingAndMarketingExpenses": 1049000000,
    "sellingGeneralAndAdministrativeExpenses": 1339000000,
    "otherExpenses": 4000000,
    "operatingExpenses": 2004000000,
    "costAndExpenses": 2451000000,
    "interestIncome": 0,
    "interestExpense": 30000000,
    "depreciationAndAmortization": 196000000,
    "ebitda": 1650000000,
    "ebitdaratio": 0.4225352113,
    "operatingIncome": 1454000000,
    "operatingIncomeRatio": 0.3723431498,
    "totalOtherIncomeExpensesNet": -21000000,
    "incomeBeforeTax": 1433000000,
    "incomeBeforeTaxRatio": 0.3669654289,
    "incomeTaxExpense": 172000000,
    "netIncome": 1261000000,
    "netIncomeRatio": 0.3229193342,
    "eps": 2.63,
    "epsdiluted": 2.61,
    "weightedAverageShsOut": 479000000,
    "weightedAverageShsOutDil": 483000000,
    "link": "https://www.sec.gov/Archives/edgar/data/796343/000079634321000069/0000796343-21-000069-index.htm",
    "finalLink": "https://www.sec.gov/Archives/edgar/data/796343/000079634321000069/adbe-20210305.htm"
  },
  {
    "date": "2020-11-27",
    "symbol": "ADBE",
    "reportedCurrency": "USD",
    "cik": "0000796343",
    "fillingDate": "2021-01-15",
    "acceptedDate": "2021-01-15 16:03:42",
    "calendarYear": "2020",
    "period": "Q4",
    "revenue": 3424000000,
    "costOfRevenue": 428000000,
    "grossProfit": 2996000000,
    "grossProfitRatio": 0.875,
    "researchAndDevelopmentExpenses": 558000000,
    "generalAndAdministrativeExpenses": 243000000,
    "sellingAndMarketingExpenses": 941000000,
    "sellingGeneralAndAdministrativeExpenses": 1184000000,
    "otherExpenses": 3000000,
    "operatingExpenses": 1781000000,
    "costAndExpenses": 2209000000,
    "interestIncome": 6000000,
    "interestExpense": 27000000,
    "depreciationAndAmortization": 190000000,
    "ebitda": 1414000000,
    "ebitdaratio": 0.4129672897,
    "operatingIncome": 1215000000,
    "operatingIncomeRatio": 0.3548481308,
    "totalOtherIncomeExpensesNet": -18000000,
    "incomeBeforeTax": 1197000000,
    "incomeBeforeTaxRatio": 0.3495911215,
    "incomeTaxExpense": -1053000000,
    "netIncome": 2250000000,
    "netIncomeRatio": 0.6571261682,
    "eps": 4.69,
    "epsdiluted": 4.64,
    "weightedAverageShsOut": 479000000,
    "weightedAverageShsOutDil": 484000000,
    "link": "https://www.sec.gov/Archives/edgar/data/796343/000079634321000004/0000796343-21-000004-index.htm",
    "finalLink": "https://www.sec.gov/Archives/edgar/data/796343/000079634321000004/adbe-20201127.htm"
  },
  {
    "date": "2020-08-28",
    "symbol": "ADBE",
    "reportedCurrency": "USD",
    "cik": "0000796343",
    "fillingDate": "2020-09-23",
    "acceptedDate": "2020-09-23 16:03:46",
    "calendarYear": "2020",
    "period": "Q3",
    "revenue": 3225000000,
    "costOfRevenue": 427000000,
    "grossProfit": 2798000000,
    "grossProfitRatio": 0.8675968992,
    "researchAndDevelopmentExpenses": 566000000,
    "generalAndAdministrativeExpenses": 230000000,
    "sellingAndMarketingExpenses": 892000000,
    "sellingGeneralAndAdministrativeExpenses": 1122000000,
    "otherExpenses": 9000000,
    "operatingExpenses": 1729000000,
    "costAndExpenses": 2156000000,
    "interestIncome": 7000000,
    "interestExpense": 28000000,
    "depreciationAndAmortization": 191000000,
    "ebitda": 1260000000,
    "ebitdaratio": 0.3906976744,
    "operatingIncome": 1069000000,
    "operatingIncomeRatio": 0.3314728682,
    "totalOtherIncomeExpensesNet": -9000000,
    "incomeBeforeTax": 1060000000,
    "incomeBeforeTaxRatio": 0.3286821705,
    "incomeTaxExpense": 105000000,
    "netIncome": 955000000,
    "netIncomeRatio": 0.296124031,
    "eps": 1.99,
    "epsdiluted": 1.97,
    "weightedAverageShsOut": 480000000,
    "weightedAverageShsOutDil": 485000000,
    "link": "https://www.sec.gov/Archives/edgar/data/796343/000079634320000201/0000796343-20-000201-index.htm",
    "finalLink": "https://www.sec.gov/Archives/edgar/data/796343/000079634320000201/adbe-20200828.htm"
  },
  {
    "date": "2020-05-29",
    "symbol": "ADBE",
    "reportedCurrency": "USD",
    "cik": "0000796343",
    "fillingDate": "2020-06-24",
    "acceptedDate": "2020-06-24 16:05:10",
    "calendarYear": "2020",
    "period": "Q2",
    "revenue": 3128000000,
    "costOfRevenue": 415000000,
    "grossProfit": 2713000000,
    "grossProfitRatio": 0.8673273657,
    "researchAndDevelopmentExpenses": 532000000,
    "generalAndAdministrativeExpenses": 224000000,
    "sellingAndMarketingExpenses": 901000000,
    "sellingGeneralAndAdministrativeExpenses": 1125000000,
    "otherExpenses": 12000000,
    "operatingExpenses": 1697000000,
    "costAndExpenses": 2112000000,
    "interestIncome": 11000000,
    "interestExpense": 28000000,
    "depreciationAndAmortization": 188000000,
    "ebitda": 1204000000,
    "ebitdaratio": 0.3849104859,
    "operatingIncome": 1016000000,
    "operatingIncomeRatio": 0.3248081841,
    "totalOtherIncomeExpensesNet": -16000000,
    "incomeBeforeTax": 1000000000,
    "incomeBeforeTaxRatio": 0.3196930946,
    "incomeTaxExpense": -100000000,
    "netIncome": 1100000000,
    "netIncomeRatio": 0.3516624041,
    "eps": 2.28,
    "epsdiluted": 2.27,
    "weightedAverageShsOut": 481000000,
    "weightedAverageShsOutDil": 485000000,
    "link": "https://www.sec.gov/Archives/edgar/data/796343/000079634320000143/0000796343-20-000143-index.htm",
    "finalLink": "https://www.sec.gov/Archives/edgar/data/796343/000079634320000143/adbe10qq220.htm"
  }
]