[
  {
    "date": "2024-12-31",
    "symbol": "AZN",
    "reportedCurrency": "USD",
    "cik": "0000000000",
    "fillingDate": "2025-02-18",
    "acceptedDate": "2025-02-18 16:06:30",
    "calendarYear": "2024",
    "period": "Q4",
    "revenue": 14891000000,
    "costOfRevenue": 2725000000,
    "grossProfit": 12166000000,
    "grossProfitRatio": 0.8170035592,
    "researchAndDevelopmentExpenses": 4677000000,
    "generalAndAdministrativeExpenses": 5410000000,
    "sellingAndMarketingExpenses": 143000000,
    "sellingGeneralAndAdministrativeExpenses": 5553000000,
    "otherExpenses": -100000000,
    "operatingExpenses": 10130000000,
    "costAndExpenses": 12855000000,
    "interestIncome": 64000000,
    "interestExpense": 429000000,
    "depreciationAndAmortization": 2337000000,
    "ebitda": 4432000000,
    "ebitdaratio": 0.2976294406,
    "operatingIncome": 2036000000,
    "operatingIncomeRatio": 0.136726882,
    "totalOtherIncomeExpensesNet": -370000000,
    "incomeBeforeTax": 1666000000,
    "incomeBeforeTaxRatio": 0.1118796589,
    "incomeTaxExpense": 166000000,
    "netIncome": 1500000000,
    "netIncomeRatio": 0.1007319858,
    "eps": 0.49,
    "epsdiluted": 0.48,
    "weightedAverageShsOut": 3100000000,
    "weightedAverageShsOutDil": 3124000000,
    "link": "https://www.sec.gov/Archives/edgar/data/901832/000110465925014750/0001104659-25-014750-index.htm",
    "finalLink": "https://www.sec.gov/Archives/edgar/data/901832/000110465925014750/azn-20241231x20f.htm"
  },
  {
    "date": "2024-09-30",
    "symbol": "AZN",
    "reportedCurrency": "USD",
    "cik": "0000000000",
    "fillingDate": "2024-09-30",
    "acceptedDate": "2024-09-30 00:00:00",
    "calendarYear": "2024",
    "period": "Q3",
    "revenue": 13565000000,
    "costOfRevenue": 3081000000,
    "grossProfit": 10484000000,
    "grossProfitRatio": 0.7728713601,
    "researchAndDevelopmentExpenses": 3115000000,
    "generalAndAdministrativeExpenses": 5143000000,
    "sellingAndMarketingExpenses": 145000000,
    "sellingGeneralAndAdministrativeExpenses": 5288000000,
    "otherExpenses": -25000000,
    "operatingExpenses": 8378000000,
    "costAndExpenses": 11459000000,
    "interestIncome": 183000000,
    "interestExpense": 457000000,
    "depreciationAndAmortization": 1817000000,
    "ebitda": 4102000000,
    "ebitdaratio": 0.3023958717,
    "operatingIncome": 2106000000,
    "operatingIncomeRatio": 0.155252488,
    "totalOtherIncomeExpensesNet": -278000000,
    "incomeBeforeTax": 1828000000,
    "incomeBeforeTaxRatio": 0.1347585698,
    "incomeTaxExpense": 395000000,
    "netIncome": 1429000000,
    "netIncomeRatio": 0.1053446369,
    "eps": 0.92,
    "epsdiluted": 0.92,
    "weightedAverageShsOut": 1554032258,
    "weightedAverageShsOutDil": 1560000000,
    "link": "https://find-and-update.company-information.service.gov.uk/search/companies?q=AstraZeneca+PLC",
    "finalLink": "https://find-and-update.company-information.service.gov.uk/search/companies?q=AstraZeneca+PLC"
  },
  {
    "date": "2024-06-30",
    "symbol": "AZN",
    "reportedCurrency": "USD",
    "cik": "0000000000",
    "fillingDate": "2024-06-30",
    "acceptedDate": "2024-06-29 20:00:00",
    "calendarYear": "2024",
    "period": "Q2",
    "revenue": 12938000000,
    "costOfRevenue": 2183000000,
    "grossProfit": 10755000000,
    "grossProfitRatio": 0.8312722214,
    "researchAndDevelopmentExpenses": 3008000000,
    "generalAndAdministrativeExpenses": 4929000000,
    "sellingAndMarketingExpenses": 132000000,
    "sellingGeneralAndAdministrativeExpenses": 5061000000,
    "otherExpenses": -60000000,
    "operatingExpenses": 8009000000,
    "costAndExpenses": 10192000000,
    "interestIncome": 100000000,
    "interestExpense": 443000000,
    "depreciationAndAmortization": 1279000000,
    "ebitda": 4119000000,
    "ebitdaratio": 0.3183645077,
    "operatingIncome": 2746000000,
    "operatingIncomeRatio": 0.2122430051,
    "totalOtherIncomeExpensesNet": -349000000,
    "incomeBeforeTax": 2397000000,
    "incomeBeforeTaxRatio": 0.1852682022,
    "incomeTaxExpense": 469000000,
    "netIncome": 1927000000,
    "netIncomeRatio": 0.1489411037,
    "eps": 1.24,
    "epsdiluted": 1.24,
    "weightedAverageShsOut": 1554032258,
    "weightedAverageShsOutDil": 1560000000,
    "link": "https://find-and-update.company-information.service.gov.uk/search/companies?q=AstraZeneca+PLC",
    "finalLink": "https://find-and-update.company-information.service.gov.uk/search/companies?q=AstraZeneca+PLC"
  },
  {
    "date": "2024-03-31",
    "symbol": "AZN",
    "reportedCurrency": "USD",
    "cik": "0000000000",
    "fillingDate": "2024-03-31",
    "acceptedDate": "2024-03-30 20:00:00",
    "calendarYear": "2024",
    "period": "Q1",
    "revenue": 12679000000,
    "costOfRevenue": 2218000000,
    "grossProfit": 10461000000,
    "grossProfitRatio": 0.8250650682,
    "researchAndDevelopmentExpenses": 2783000000,
    "generalAndAdministrativeExpenses": 4495000000,
    "sellingAndMarketingExpenses": 135000000,
    "sellingGeneralAndAdministrativeExpenses": 4630000000,
    "otherExpenses": 0,
    "operatingExpenses": 7346000000,
    "costAndExpenses": 9564000000,
    "interestIncome": 111000000,
    "interestExpense": 413000000,
    "depreciationAndAmortization": 1255000000,
    "ebitda": 4565000000,
    "ebitdaratio": 0.3600441675,
    "operatingIncome": 3115000000,
    "operatingIncomeRatio": 0.2456818361,
    "totalOtherIncomeExpensesNet": -315000000,
    "incomeBeforeTax": 2800000000,
    "incomeBeforeTaxRatio": 0.2208376055,
    "incomeTaxExpense": 620000000,
    "netIncome": 2179000000,
    "netIncomeRatio": 0.1718589794,
    "eps": 1.41,
    "epsdiluted": 1.4,
    "weightedAverageShsOut": 1549000000,
    "weightedAverageShsOutDil": 1560000000,
    "link": "https://find-and-update.company-information.service.gov.uk/search/companies?q=AstraZeneca+PLC",
    "finalLink": "https://find-and-update.company-information.service.gov.uk/search/companies?q=AstraZeneca+PLC"
  },
  {
    "date": "2023-12-31",
    "symbol": "AZN",
    "reportedCurrency": "USD",
    "cik": "0000000000",
    "fillingDate": "2023-12-31",
    "acceptedDate": "2023-12-30 19:00:00",
    "calendarYear": "2023",
    "period": "Q4",
    "revenue": 12024000000,
    "costOfRevenue": 2308000000,
    "grossProfit": 9716000000,
    "grossProfitRatio": 0.8080505655,
    "researchAndDevelopmentExpenses": 3073000000,
    "generalAndAdministrativeExpenses": -13845000000,
    "sellingAndMarketingExpenses": 17828000000,
    "sellingGeneralAndAdministrativeExpenses": 3983000000,
    "otherExpenses": 0,
    "operatingExpenses": 7712000000,
    "costAndExpenses": 10020000000,
    "interestIncome": 65000000,
    "interestExpense": 408000000,
    "depreciationAndAmortization": 874000000,
    "ebitda": 2179000000,
    "ebitdaratio": 0.1812208916,
    "operatingIncome": 1234000000,
    "operatingIncomeRatio": 0.1026280772,
    "totalOtherIncomeExpensesNet": -337000000,
    "incomeBeforeTax": 897000000,
    "incomeBeforeTaxRatio": 0.0746007984,
    "incomeTaxExpense": -62000000,
    "netIncome": 960000000,
    "netIncomeRatio": 0.0798403194,
    "eps": 0.61,
    "epsdiluted": 0.61,
    "weightedAverageShsOut": 1549000000,
    "weightedAverageShsOutDil": 1561000000,
    "link": "https://find-and-update.company-information.service.gov.uk/search/companies?q=AstraZeneca+PLC",
    "finalLink": "https://find-and-update.company-information.service.gov.uk/search/companies?q=AstraZeneca+PLC"
  },
  {
    "date": "2023-09-30",
    "symbol": "AZN",
    "reportedCurrency": "USD",
    "cik": "0000000000",
    "fillingDate": "2023-09-30",
    "acceptedDate": "2023-09-29 20:00:00",
    "calendarYear": "2023",
    "period": "Q3",
    "revenue": 11492000000,
    "costOfRevenue": 2095000000,
    "grossProfit": 9397000000,
    "grossProfitRatio": 0.8176992691,
    "researchAndDevelopmentExpenses": 2584000000,
    "generalAndAdministrativeExpenses": 4800000000,
    "sellingAndMarketingExpenses": 4929000000,
    "sellingGeneralAndAdministrativeExpenses": 4929000000,
    "otherExpenses": 0,
    "operatingExpenses": 7443000000,
    "costAndExpenses": 9538000000,
    "interestIncome": 101000000,
    "interestExpense": 392000000,
    "depreciationAndAmortization": 1282000000,
    "ebitda": 3326000000,
    "ebitdaratio": 0.2894187261,
    "operatingIncome": 1954000000,
    "operatingIncomeRatio": 0.1700313261,
    "totalOtherIncomeExpensesNet": -302000000,
    "incomeBeforeTax": 1652000000,
    "incomeBeforeTaxRatio": 0.1437521754,
    "incomeTaxExpense": 274000000,
    "netIncome": 1374000000,
    "netIncomeRatio": 0.119561434,
    "eps": 0.89,
    "epsdiluted": 0.88,
    "weightedAverageShsOut": 1549000000,
    "weightedAverageShsOutDil": 1560000000,
    "link": "https://find-and-update.company-information.service.gov.uk/search/companies?q=AstraZeneca+PLC",
    "finalLink": "https://find-and-update.company-information.service.gov.uk/search/companies?q=AstraZeneca+PLC"
  },
  {
    "date": "2023-06-30",
    "symbol": "AZN",
    "reportedCurrency": "USD",
    "cik": "0000000000",
    "fillingDate": "2023-06-30",
    "acceptedDate": "2023-06-29 20:00:00",
    "calendarYear": "2023",
    "period": "Q2",
    "revenue": 11416000000,
    "costOfRevenue": 1960000000,
    "grossProfit": 9456000000,
    "grossProfitRatio": 0.8283111423,
    "researchAndDevelopmentExpenses": 2667000000,
    "generalAndAdministrativeExpenses": 4986000000,
    "sellingAndMarketingExpenses": 5117000000,
    "sellingGeneralAndAdministrativeExpenses": 5117000000,
    "otherExpenses": 0,
    "operatingExpenses": 7000000000,
    "costAndExpenses": 8960000000,
    "interestIncome": 64000000,
    "interestExpense": 431000000,
    "depreciationAndAmortization": 1276000000,
    "ebitda": 3683000000,
    "ebitdaratio": 0.3226173791,
    "operatingIncome": 2456000000,
    "operatingIncomeRatio": 0.2151366503,
    "totalOtherIncomeExpensesNet": -368000000,
    "incomeBeforeTax": 2088000000,
    "incomeBeforeTaxRatio": 0.1829011913,
    "incomeTaxExpense": 268000000,
    "netIncome": 1818000000,
    "netIncomeRatio": 0.1592501752,
    "eps": 1.17,
    "epsdiluted": 1.17,
    "weightedAverageShsOut": 1550000000,
    "weightedAverageShsOutDil": 1560000000,
    "link": "https://find-and-update.company-information.service.gov.uk/search/companies?q=AstraZeneca+PLC",
    "finalLink": "https://find-and-update.company-information.service.gov.uk/search/companies?q=AstraZeneca+PLC"
  },
  {
    "date": "2023-03-31",
    "symbol": "AZN",
    "reportedCurrency": "USD",
    "cik": "0000000000",
    "fillingDate": "2023-03-31",
    "acceptedDate": "2023-03-30 20:00:00",
    "calendarYear": "2023",
    "period": "Q1",
    "revenue": 10879000000,
    "costOfRevenue": 1905000000,
    "grossProfit": 8974000000,
    "grossProfitRatio": 0.8248919937,
    "researchAndDevelopmentExpenses": 2611000000,
    "generalAndAdministrativeExpenses": 4059000000,
    "sellingAndMarketingExpenses": 4193000000,
    "sellingGeneralAndAdministrativeExpenses": 4193000000,
    "otherExpenses": -138000000,
    "operatingExpenses": 6666000000,
    "costAndExpenses": 8571000000,
    "interestIncome": 78000000,
    "interestExpense": 365000000,
    "depreciationAndAmortization": 1502000000,
    "ebitda": 3888000000,
    "ebitdaratio": 0.3573857891,
    "operatingIncome": 2549000000,
    "operatingIncomeRatio": 0.2343046236,
    "totalOtherIncomeExpensesNet": -287000000,
    "incomeBeforeTax": 2262000000,
    "incomeBeforeTaxRatio": 0.2079235224,
    "incomeTaxExpense": 458000000,
    "netIncome": 1803000000,
    "netIncomeRatio": 0.1657321445,
    "eps": 1.16,
    "epsdiluted": 1.16,
    "weightedAverageShsOut": 1549000000,
    "weightedAverageShsOutDil": 1560000000,
    "link": "https://find-and-update.company-information.service.gov.uk/search/companies?q=AstraZeneca+PLC",
    "finalLink": "https://find-and-update.company-information.service.gov.uk/search/companies?q=AstraZeneca+PLC"
  },
  {
    "date": "2022-12-31",
    "symbol": "AZN",
    "reportedCurrency": "USD",
    "cik": "0000000000",
    "fillingDate": "2022-12-31",
    "acceptedDate": "2022-12-30 19:00:00",
    "calendarYear": "2022",
    "period": "Q4",
    "revenue": 11207000000,
    "costOfRevenue": 2900000000,
    "grossProfit": 8307000000,
    "grossProfitRatio": 0.7412331578,
    "researchAndDevelopmentExpenses": 2625000000,
    "generalAndAdministrativeExpenses": 0,
    "sellingAndMarketingExpenses": 4777000000,
    "sellingGeneralAndAdministrativeExpenses": 4777000000,
    "otherExpenses": -189000000,
    "operatingExpenses": 7213000000,
    "costAndExpenses": 10113000000,
    "interestIncome": 45000000,
    "interestExpense": 360000000,
    "depreciationAndAmortization": 1254000000,
    "ebitda": 2376000000,
    "ebitdaratio": 0.2120103507,
    "operatingIncome": -342000000,
    "operatingIncomeRatio": -0.0305166414,
    "totalOtherIncomeExpensesNet": -316000000,
    "incomeBeforeTax": 778000000,
    "incomeBeforeTaxRatio": 0.0694208977,
    "incomeTaxExpense": -124000000,
    "netIncome": 901000000,
    "netIncomeRatio": 0.080396181,
    "eps": 0.58,
    "epsdiluted": 0.58,
    "weightedAverageShsOut": 1549000000,
    "weightedAverageShsOutDil": 1559000000,
    "link": "https://find-and-update.company-information.service.gov.uk/search/companies?q=AstraZeneca+PLC",
    "finalLink": "https://find-and-update.company-information.service.gov.uk/search/companies?q=AstraZeneca+PLC"
  },
  {
    "date": "2022-09-30",
    "symbol": "AZN",
    "reportedCurrency": "USD",
    "cik": "0000000000",
    "fillingDate": "2022-09-30",
    "acceptedDate": "2022-09-29 20:00:00",
    "calendarYear": "2022",
    "period": "Q3",
    "revenue": 10982000000,
    "costOfRevenue": 2982000000,
    "grossProfit": 8000000000,
    "grossProfitRatio": 0.7284647605,
    "researchAndDevelopmentExpenses": 2357000000,
    "generalAndAdministrativeExpenses": 4277000000,
    "sellingAndMarketingExpenses": 3285000000,
    "sellingGeneralAndAdministrativeExpenses": 3285000000,
    "otherExpenses": 949000000,
    "operatingExpenses": 6591000000,
    "costAndExpenses": 9573000000,
    "interestIncome": 15000000,
    "interestExpense": 339000000,
    "depreciationAndAmortization": 1334000000,
    "ebitda": 2561000000,
    "ebitdaratio": 0.2331997815,
    "operatingIncome": 1245000000,
    "operatingIncomeRatio": 0.1133673284,
    "totalOtherIncomeExpensesNet": -323000000,
    "incomeBeforeTax": 922000000,
    "incomeBeforeTaxRatio": 0.0839555636,
    "incomeTaxExpense": -720000000,
    "netIncome": 1640000000,
    "netIncomeRatio": 0.1493352759,
    "eps": 1.06,
    "epsdiluted": 1.05,
    "weightedAverageShsOut": 1548000000,
    "weightedAverageShsOutDil": 1559000000,
    "link": "https://find-and-update.company-information.service.gov.uk/search/companies?q=AstraZeneca+PLC",
    "finalLink": "https://find-and-update.company-information.service.gov.uk/search/companies?q=AstraZeneca+PLC"
  },
  {
    "date": "2022-06-30",
    "symbol": "AZN",
    "reportedCurrency": "USD",
    "cik": "0000000000",
    "fillingDate": "2022-06-30",
    "acceptedDate": "2022-06-29 20:00:00",
    "calendarYear": "2022",
    "period": "Q2",
    "revenue": 10771000000,
    "costOfRevenue": 2998000000,
    "grossProfit": 7773000000,
    "grossProfitRatio": 0.721660013,
    "researchAndDevelopmentExpenses": 2546000000,
    "generalAndAdministrativeExpenses": 0,
    "sellingAndMarketingExpenses": 4810000000,
    "sellingGeneralAndAdministrativeExpenses": 4810000000,
    "otherExpenses": -122000000,
    "operatingExpenses": 7234000000,
    "costAndExpenses": 10232000000,
    "interestIncome": 18000000,
    "interestExpense": 311000000,
    "depreciationAndAmortization": 1357000000,
    "ebitda": 1964000000,
    "ebitdaratio": 0.1823414725,
    "operatingIncome": 539000000,
    "operatingIncomeRatio": 0.0500417789,
    "totalOtherIncomeExpensesNet": -292000000,
    "incomeBeforeTax": 247000000,
    "incomeBeforeTaxRatio": 0.0229319469,
    "incomeTaxExpense": -113000000,
    "netIncome": 360000000,
    "netIncomeRatio": 0.0334230805,
    "eps": 0.23,
    "epsdiluted": 0.23,
    "weightedAverageShsOut": 1549000000,
    "weightedAverageShsOutDil": 1560000000,
    "link": "https://find-and-update.company-information.service.gov.uk/search/companies?q=AstraZeneca+PLC",
    "finalLink": "https://find-and-update.company-information.service.gov.uk/search/companies?q=AstraZeneca+PLC"
  },
  {
    "date": "2022-03-31",
    "symbol": "AZN",
    "reportedCurrency": "USD",
    "cik": "0000000000",
    "fillingDate": "2022-03-31",
    "acceptedDate": "2022-03-30 20:00:00",
    "calendarYear": "2022",
    "period": "Q1",
    "revenue": 11390000000,
    "costOfRevenue": 3511000000,
    "grossProfit": 7879000000,
    "grossProfitRatio": 0.6917471466,
    "researchAndDevelopmentExpenses": 2133000000,
    "generalAndAdministrativeExpenses": 0,
    "sellingAndMarketingExpenses": 4965000000,
    "sellingGeneralAndAdministrativeExpenses": 4965000000,
    "otherExpenses": -97000000,
    "operatingExpenses": 7001000000,
    "costAndExpenses": 10512000000,
    "interestIncome": 17000000,
    "interestExpense": 336000000,
    "depreciationAndAmortization": 1309000000,
    "ebitda": 2198000000,
    "ebitdaratio": 0.192976295,
    "operatingIncome": 878000000,
    "operatingIncomeRatio": 0.0770851624,
    "totalOtherIncomeExpensesNet": -325000000,
    "incomeBeforeTax": 553000000,
    "incomeBeforeTaxRatio": 0.0485513608,
    "incomeTaxExpense": 165000000,
    "netIncome": 386000000,
    "netIncomeRatio": 0.0338893766,
    "eps": 0.25,
    "epsdiluted": 0.25,
    "weightedAverageShsOut": 1548000000,
    "weightedAverageShsOutDil": 1561000000,
    "link": "https://find-and-update.company-information.service.gov.uk/search/companies?q=AstraZeneca+PLC",
    "finalLink": "https://find-and-update.company-information.service.gov.uk/search/companies?q=AstraZeneca+PLC"
  },
  {
    "date": "2021-12-31",
    "symbol": "AZN",
    "reportedCurrency": "USD",
    "cik": "0000000000",
    "fillingDate": "2021-12-31",
    "acceptedDate": "2021-12-30 19:00:00",
    "calendarYear": "2021",
    "period": "Q4",
    "revenue": 12011000000,
    "costOfRevenue": 4625000000,
    "grossProfit": 7386000000,
    "grossProfitRatio": 0.6149363084,
    "researchAndDevelopmentExpenses": 2584000000,
    "generalAndAdministrativeExpenses": 2286000000,
    "sellingAndMarketingExpenses": 5241000000,
    "sellingGeneralAndAdministrativeExpenses": 5241000000,
    "otherExpenses": -2433000000,
    "operatingExpenses": 7678000000,
    "costAndExpenses": 12303000000,
    "interestIncome": 1000000,
    "interestExpense": 336000000,
    "depreciationAndAmortization": 2192000000,
    "ebitda": 1868000000,
    "ebitdaratio": 0.1555241029,
    "operatingIncome": -292000000,
    "operatingIncomeRatio": -0.0243110482,
    "totalOtherIncomeExpensesNet": -344000000,
    "incomeBeforeTax": -636000000,
    "incomeBeforeTaxRatio": -0.0529514612,
    "incomeTaxExpense": -290000000,
    "netIncome": -347000000,
    "netIncomeRatio": -0.028890184,
    "eps": -0.22,
    "epsdiluted": -0.22,
    "weightedAverageShsOut": 1547000000,
    "weightedAverageShsOutDil": 1547000000,
    "link": "https://find-and-update.company-information.service.gov.uk/search/companies?q=AstraZeneca+PLC",
    "finalLink": "https://find-and-update.company-information.service.gov.uk/search/companies?q=AstraZeneca+PLC"
  },
  {
    "date": "2021-09-30",
    "symbol": "AZN",
    "reportedCurrency": "USD",
    "cik": "0000000000",
    "fillingDate": "2021-09-30",
    "acceptedDate": "2021-09-29 20:00:00",
    "calendarYear": "2021",
    "period": "Q3",
    "revenue": 9866000000,
    "costOfRevenue": 3757000000,
    "grossProfit": 6109000000,
    "grossProfitRatio": 0.6191972431,
    "researchAndDevelopmentExpenses": 2152000000,
    "generalAndAdministrativeExpenses": 0,
    "sellingAndMarketingExpenses": 2986000000,
    "sellingGeneralAndAdministrativeExpenses": 2986000000,
    "otherExpenses": 2300000000,
    "operatingExpenses": 7438000000,
    "costAndExpenses": 11195000000,
    "interestIncome": 15000000,
    "interestExpense": 335000000,
    "depreciationAndAmortization": 2788000000,
    "ebitda": 1122000000,
    "ebitdaratio": 0.1137239003,
    "operatingIncome": -1674000000,
    "operatingIncomeRatio": -0.1696736266,
    "totalOtherIncomeExpensesNet": -327000000,
    "incomeBeforeTax": -2001000000,
    "incomeBeforeTaxRatio": -0.202817758,
    "incomeTaxExpense": -350000000,
    "netIncome": -1652000000,
    "netIncomeRatio": -0.1674437462,
    "eps": -1.1,
    "epsdiluted": -1.1,
    "weightedAverageShsOut": 1496000000,
    "weightedAverageShsOutDil": 1496000000,
    "link": "https://find-and-update.company-information.service.gov.uk/search/companies?q=AstraZeneca+PLC",
    "finalLink": "https://find-and-update.company-information.service.gov.uk/search/companies?q=AstraZeneca+PLC"
  },
  {
    "date": "2021-06-30",
    "symbol": "AZN",
    "reportedCurrency": "USD",
    "cik": "0000000000",
    "fillingDate": "2021-06-30",
    "acceptedDate": "2021-06-29 20:00:00",
    "calendarYear": "2021",
    "period": "Q2",
    "revenue": 8220000000,
    "costOfRevenue": 2191000000,
    "grossProfit": 6029000000,
    "grossProfitRatio": 0.7334549878,
    "researchAndDevelopmentExpenses": 1829000000,
    "generalAndAdministrativeExpenses": 0,
    "sellingAndMarketingExpenses": 3201000000,
    "sellingGeneralAndAdministrativeExpenses": 3201000000,
    "otherExpenses": -128000000,
    "operatingExpenses": 4902000000,
    "costAndExpenses": 7093000000,
    "interestIncome": 7000000,
    "interestExpense": 326000000,
    "depreciationAndAmortization": 753000000,
    "ebitda": 1880000000,
    "ebitdaratio": 0.2287104623,
    "operatingIncome": 1127000000,
    "operatingIncomeRatio": 0.1371046229,
    "totalOtherIncomeExpensesNet": -363000000,
    "incomeBeforeTax": 764000000,
    "incomeBeforeTaxRatio": 0.0929440389,
    "incomeTaxExpense": 214000000,
    "netIncome": 550000000,
    "netIncomeRatio": 0.0669099757,
    "eps": 0.42,
    "epsdiluted": 0.42,
    "weightedAverageShsOut": 1312000000,
    "weightedAverageShsOutDil": 1318000000,
    "link": "https://find-and-update.company-information.service.gov.uk/search/companies?q=AstraZeneca+PLC",
    "finalLink": "https://find-and-update.company-information.service.gov.uk/search/companies?q=AstraZeneca+PLC"
  },
  {
    "date": "2021-03-31",
    "symbol": "AZN",
    "reportedCurrency": "USD",
    "cik": "0000000000",
    "fillingDate": "2021-03-31",
    "acceptedDate": "2021-03-30 20:00:00",
    "calendarYear": "2021",
    "period": "Q1",
    "revenue": 7320000000,
    "costOfRevenue": 1864000000,
    "grossProfit": 5456000000,
    "grossProfitRatio": 0.7453551913,
    "researchAndDevelopmentExpenses": 1713000000,
    "generalAndAdministrativeExpenses": 0,
    "sellingAndMarketingExpenses": 3028000000,
    "sellingGeneralAndAdministrativeExpenses": 3028000000,
    "otherExpenses": -1180000000,
    "operatingExpenses": 3561000000,
    "costAndExpenses": 5425000000,
    "interestIncome": 20000000,
    "interestExpense": 303000000,
    "depreciationAndAmortization": 797000000,
    "ebitda": 2708000000,
    "ebitdaratio": 0.3699453552,
    "operatingIncome": 1895000000,
    "operatingIncomeRatio": 0.2588797814,
    "totalOtherIncomeExpensesNet": -287000000,
    "incomeBeforeTax": 1608000000,
    "incomeBeforeTaxRatio": 0.2196721311,
    "incomeTaxExpense": 46000000,
    "netIncome": 1561000000,
    "netIncomeRatio": 0.2132513661,
    "eps": 1.19,
    "epsdiluted": 1.18,
    "weightedAverageShsOut": 1312000000,
    "weightedAverageShsOutDil": 1319000000,
    "link": "https://find-and-update.company-information.service.gov.uk/search/companies?q=AstraZeneca+PLC",
    "finalLink": "https://find-and-update.company-information.service.gov.uk/search/companies?q=AstraZeneca+PLC"
  },
  {
    "date": "2020-12-31",
    "symbol": "AZN",
    "reportedCurrency": "USD",
    "cik": "0000000000",
    "fillingDate": "2020-12-31",
    "acceptedDate": "2020-12-30 19:00:00",
    "calendarYear": "2020",
    "period": "Q4",
    "revenue": 7410000000,
    "costOfRevenue": 1525000000,
    "grossProfit": 5885000000,
    "grossProfitRatio": 0.794197031,
    "researchAndDevelopmentExpenses": 1719000000,
    "generalAndAdministrativeExpenses": 0,
    "sellingAndMarketingExpenses": 3319000000,
    "sellingGeneralAndAdministrativeExpenses": 3319000000,
    "otherExpenses": -903000000,
    "operatingExpenses": 4398000000,
    "costAndExpenses": 5923000000,
    "interestIncome": 7000000,
    "interestExpense": 321000000,
    "depreciationAndAmortization": 797000000,
    "ebitda": 2251000000,
    "ebitdaratio": 0.3037786775,
    "operatingIncome": 1487000000,
    "operatingIncomeRatio": 0.2006747638,
    "totalOtherIncomeExpensesNet": -320000000,
    "incomeBeforeTax": 1167000000,
    "incomeBeforeTaxRatio": 0.1574898785,
    "incomeTaxExpense": 162000000,
    "netIncome": 1012000000,
    "netIncomeRatio": 0.1365721997,
    "eps": 0.78,
    "epsdiluted": 0.78,
    "weightedAverageShsOut": 1312000000,
    "weightedAverageShsOutDil": 1313000000,
    "link": "https://find-and-update.company-information.service.gov.uk/search/companies?q=AstraZeneca+PLC",
    "finalLink": "https://find-and-update.company-information.service.gov.uk/search/companies?q=AstraZeneca+PLC"
  },
  {
    "date": "2020-09-30",
    "symbol": "AZN",
    "reportedCurrency": "USD",
    "cik": "0000000000",
    "fillingDate": "2020-09-30",
    "acceptedDate": "2020-09-29 20:00:00",
    "calendarYear": "2020",
    "period": "Q3",
    "revenue": 6578000000,
    "costOfRevenue": 1370000000,
    "grossProfit": 5208000000,
    "grossProfitRatio": 0.7917300091,
    "researchAndDevelopmentExpenses": 1453000000,
    "generalAndAdministrativeExpenses": 0,
    "sellingAndMarketingExpenses": 2270000000,
    "sellingGeneralAndAdministrativeExpenses": 2270000000,
    "otherExpenses": 163000000,
    "operatingExpenses": 3886000000,
    "costAndExpenses": 5256000000,
    "interestIncome": 7000000,
    "interestExpense": 324000000,
    "depreciationAndAmortization": 801000000,
    "ebitda": 2091000000,
    "ebitdaratio": 0.3178777744,
    "operatingIncome": 1171000000,
    "operatingIncomeRatio": 0.1780176345,
    "totalOtherIncomeExpensesNet": -318000000,
    "incomeBeforeTax": 853000000,
    "incomeBeforeTaxRatio": 0.1296746732,
    "incomeTaxExpense": 202000000,
    "netIncome": 648000000,
    "netIncomeRatio": 0.0985101855,
    "eps": 0.49,
    "epsdiluted": 0.49,
    "weightedAverageShsOut": 1312000000,
    "weightedAverageShsOutDil": 1312000000,
    "link": "https://find-and-update.company-information.service.gov.uk/search/companies?q=AstraZeneca+PLC",
    "finalLink": "https://find-and-update.company-information.service.gov.uk/search/companies?q=AstraZeneca+PLC"
  },
  {
    "date": "2020-06-30",
    "symbol": "AZN",
    "reportedCurrency": "USD",
    "cik": "0000000000",
    "fillingDate": "2020-06-30",
    "acceptedDate": "2020-06-29 20:00:00",
    "calendarYear": "2020",
    "period": "Q2",
    "revenue": 6275000000,
    "costOfRevenue": 984000000,
    "grossProfit": 5291000000,
    "grossProfitRatio": 0.843187251,
    "researchAndDevelopmentExpenses": 1389000000,
    "generalAndAdministrativeExpenses": 0,
    "sellingAndMarketingExpenses": 2739000000,
    "sellingGeneralAndAdministrativeExpenses": 2739000000,
    "otherExpenses": -121000000,
    "operatingExpenses": 4007000000,
    "costAndExpenses": 4991000000,
    "interestIncome": 22000000,
    "interestExpense": 329000000,
    "depreciationAndAmortization": 710000000,
    "ebitda": 1992000000,
    "ebitdaratio": 0.3174501992,
    "operatingIncome": 1284000000,
    "operatingIncomeRatio": 0.2046215139,
    "totalOtherIncomeExpensesNet": -323000000,
    "incomeBeforeTax": 961000000,
    "incomeBeforeTaxRatio": 0.1531474104,
    "incomeTaxExpense": 223000000,
    "netIncome": 756000000,
    "netIncomeRatio": 0.1204780876,
    "eps": 0.58,
    "epsdiluted": 0.58,
    "weightedAverageShsOut": 1312000000,
    "weightedAverageShsOutDil": 1313000000,
    "link": "https://find-and-update.company-information.service.gov.uk/search/companies?q=AstraZeneca+PLC",
    "finalLink": "https://find-and-update.company-information.service.gov.uk/search/companies?q=AstraZeneca+PLC"
  },
  {
    "date": "2020-03-31",
    "symbol": "AZN",
    "reportedCurrency": "USD",
    "cik": "0000000000",
    "fillingDate": "2020-03-31",
    "acceptedDate": "2020-03-30 20:00:00",
    "calendarYear": "2020",
    "period": "Q1",
    "revenue": 6354000000,
    "costOfRevenue": 1420000000,
    "grossProfit": 4934000000,
    "grossProfitRatio": 0.7765187284,
    "researchAndDevelopmentExpenses": 1388000000,
    "generalAndAdministrativeExpenses": 0,
    "sellingAndMarketingExpenses": 2806000000,
    "sellingGeneralAndAdministrativeExpenses": 2806000000,
    "otherExpenses": -480000000,
    "operatingExpenses": 3714000000,
    "costAndExpenses": 5134000000,
    "interestIncome": 51000000,
    "interestExpense": 332000000,
    "depreciationAndAmortization": 841000000,
    "ebitda": 1944000000,
    "ebitdaratio": 0.3059490085,
    "operatingIncome": 1220000000,
    "operatingIncomeRatio": 0.1920050362,
    "totalOtherIncomeExpensesNet": -285000000,
    "incomeBeforeTax": 935000000,
    "incomeBeforeTaxRatio": 0.1471514007,
    "incomeTaxExpense": 185000000,
    "netIncome": 780000000,
    "netIncomeRatio": 0.1227573182,
    "eps": 0.59,
    "epsdiluted": 0.59,
    "weightedAverageShsOut": 1312000000,
    "weightedAverageShsOutDil": 1313000000,
    "link": "https://find-and-update.company-information.service.gov.uk/search/companies?q=AstraZeneca+PLC",
    "finalLink": "https://find-and-update.company-information.service.gov.uk/search/companies?q=AstraZeneca+PLC"
  }
]