[
  {
    "date": "2024-12-31",
    "symbol": "AZN",
    "reportedCurrency": "USD",
    "cik": "0000000000",
    "fillingDate": "2025-02-18",
    "acceptedDate": "2025-02-18 16:06:30",
    "calendarYear": "2024",
    "period": "FY",
    "revenue": 54073000000,
    "costOfRevenue": 10207000000,
    "grossProfit": 43866000000,
    "grossProfitRatio": 0.8112366616,
    "researchAndDevelopmentExpenses": 13583000000,
    "generalAndAdministrativeExpenses": 19977000000,
    "sellingAndMarketingExpenses": 555000000,
    "sellingGeneralAndAdministrativeExpenses": 20532000000,
    "otherExpenses": -252000000,
    "operatingExpenses": 33863000000,
    "costAndExpenses": 44070000000,
    "interestIncome": 458000000,
    "interestExpense": 1742000000,
    "depreciationAndAmortization": 6688000000,
    "ebitda": 17121000000,
    "ebitdaratio": 0.3166275221,
    "operatingIncome": 10003000000,
    "operatingIncomeRatio": 0.1849906608,
    "totalOtherIncomeExpensesNet": -1312000000,
    "incomeBeforeTax": 8691000000,
    "incomeBeforeTaxRatio": 0.1607271651,
    "incomeTaxExpense": 1650000000,
    "netIncome": 7035000000,
    "netIncomeRatio": 0.1301018993,
    "eps": 4.53,
    "epsdiluted": 4.51,
    "weightedAverageShsOut": 1554032258,
    "weightedAverageShsOutDil": 1560000000,
    "link": "https://www.sec.gov/Archives/edgar/data/901832/000110465925014750/0001104659-25-014750-index.htm",
    "finalLink": "https://www.sec.gov/Archives/edgar/data/901832/000110465925014750/azn-20241231x20f.htm"
  },
  {
    "date": "2023-12-31",
    "symbol": "AZN",
    "reportedCurrency": "USD",
    "cik": "0000000000",
    "fillingDate": "2023-12-31",
    "acceptedDate": "2023-12-30 19:00:00",
    "calendarYear": "2023",
    "period": "FY",
    "revenue": 45811000000,
    "costOfRevenue": 8040000000,
    "grossProfit": 37771000000,
    "grossProfitRatio": 0.8244963,
    "researchAndDevelopmentExpenses": 10935000000,
    "generalAndAdministrativeExpenses": 19216000000,
    "sellingAndMarketingExpenses": 539000000,
    "sellingGeneralAndAdministrativeExpenses": 18025000000,
    "otherExpenses": 618000000,
    "operatingExpenses": 29578000000,
    "costAndExpenses": 37618000000,
    "interestIncome": 301000000,
    "interestExpense": 1589000000,
    "depreciationAndAmortization": 4934000000,
    "ebitda": 13912000000,
    "ebitdaratio": 0.3036825217,
    "operatingIncome": 8193000000,
    "operatingIncomeRatio": 0.1788435092,
    "totalOtherIncomeExpensesNet": -1294000000,
    "incomeBeforeTax": 6899000000,
    "incomeBeforeTaxRatio": 0.1505970182,
    "incomeTaxExpense": 938000000,
    "netIncome": 5955000000,
    "netIncomeRatio": 0.1299906136,
    "eps": 3.81,
    "epsdiluted": 3.81,
    "weightedAverageShsOut": 1562992125,
    "weightedAverageShsOutDil": 1562000000,
    "link": "https://find-and-update.company-information.service.gov.uk/search/companies?q=AstraZeneca+PLC",
    "finalLink": "https://find-and-update.company-information.service.gov.uk/search/companies?q=AstraZeneca+PLC"
  },
  {
    "date": "2022-12-31",
    "symbol": "AZN",
    "reportedCurrency": "USD",
    "cik": "0000000000",
    "fillingDate": "2022-12-31",
    "acceptedDate": "2022-12-30 19:00:00",
    "calendarYear": "2022",
    "period": "FY",
    "revenue": 44351000000,
    "costOfRevenue": 12391000000,
    "grossProfit": 31960000000,
    "grossProfitRatio": 0.7206150932,
    "researchAndDevelopmentExpenses": 9762000000,
    "generalAndAdministrativeExpenses": 0,
    "sellingAndMarketingExpenses": 18955000000,
    "sellingGeneralAndAdministrativeExpenses": 18955000000,
    "otherExpenses": -514000000,
    "operatingExpenses": 28203000000,
    "costAndExpenses": 40594000000,
    "interestIncome": 95000000,
    "interestExpense": 1346000000,
    "depreciationAndAmortization": 5254000000,
    "ebitda": 9085000000,
    "ebitdaratio": 0.2048431828,
    "operatingIncome": 3757000000,
    "operatingIncomeRatio": 0.084710604,
    "totalOtherIncomeExpensesNet": -1256000000,
    "incomeBeforeTax": 2501000000,
    "incomeBeforeTaxRatio": 0.0563910622,
    "incomeTaxExpense": -792000000,
    "netIncome": 3288000000,
    "netIncomeRatio": 0.0741358707,
    "eps": 2.12,
    "epsdiluted": 2.11,
    "weightedAverageShsOut": 1548000000,
    "weightedAverageShsOutDil": 1560000000,
    "link": "https://find-and-update.company-information.service.gov.uk/search/companies?q=AstraZeneca+PLC",
    "finalLink": "https://find-and-update.company-information.service.gov.uk/search/companies?q=AstraZeneca+PLC"
  },
  {
    "date": "2021-12-31",
    "symbol": "AZN",
    "reportedCurrency": "USD",
    "cik": "0000000000",
    "fillingDate": "2021-12-31",
    "acceptedDate": "2021-12-30 19:00:00",
    "calendarYear": "2021",
    "period": "FY",
    "revenue": 37417000000,
    "costOfRevenue": 12437000000,
    "grossProfit": 24980000000,
    "grossProfitRatio": 0.667610979,
    "researchAndDevelopmentExpenses": 9736000000,
    "generalAndAdministrativeExpenses": 0,
    "sellingAndMarketingExpenses": 15680000000,
    "sellingGeneralAndAdministrativeExpenses": 15680000000,
    "otherExpenses": -1492000000,
    "operatingExpenses": 23924000000,
    "costAndExpenses": 36361000000,
    "interestIncome": 43000000,
    "interestExpense": 1300000000,
    "depreciationAndAmortization": 4102000000,
    "ebitda": 5113000000,
    "ebitdaratio": 0.1366491167,
    "operatingIncome": 1056000000,
    "operatingIncomeRatio": 0.0282224657,
    "totalOtherIncomeExpensesNet": -1321000000,
    "incomeBeforeTax": -265000000,
    "incomeBeforeTaxRatio": -0.0070823423,
    "incomeTaxExpense": -380000000,
    "netIncome": 112000000,
    "netIncomeRatio": 0.0029932918,
    "eps": 0.08,
    "epsdiluted": 0.08,
    "weightedAverageShsOut": 1418000000,
    "weightedAverageShsOutDil": 1427000000,
    "link": "https://find-and-update.company-information.service.gov.uk/search/companies?q=AstraZeneca+PLC",
    "finalLink": "https://find-and-update.company-information.service.gov.uk/search/companies?q=AstraZeneca+PLC"
  },
  {
    "date": "2020-12-31",
    "symbol": "AZN",
    "reportedCurrency": "USD",
    "cik": "0000000000",
    "fillingDate": "2020-12-31",
    "acceptedDate": "2020-12-30 19:00:00",
    "calendarYear": "2020",
    "period": "FY",
    "revenue": 26617000000,
    "costOfRevenue": 5299000000,
    "grossProfit": 21318000000,
    "grossProfitRatio": 0.8009167074,
    "researchAndDevelopmentExpenses": 5991000000,
    "generalAndAdministrativeExpenses": 0,
    "sellingAndMarketingExpenses": 11693000000,
    "sellingGeneralAndAdministrativeExpenses": 11693000000,
    "otherExpenses": -1528000000,
    "operatingExpenses": 16156000000,
    "costAndExpenses": 21455000000,
    "interestIncome": 87000000,
    "interestExpense": 1306000000,
    "depreciationAndAmortization": 2896000000,
    "ebitda": 8084000000,
    "ebitdaratio": 0.3037156704,
    "operatingIncome": 5162000000,
    "operatingIncomeRatio": 0.1939362062,
    "totalOtherIncomeExpensesNet": -1246000000,
    "incomeBeforeTax": 3916000000,
    "incomeBeforeTaxRatio": 0.1471240185,
    "incomeTaxExpense": 772000000,
    "netIncome": 3196000000,
    "netIncomeRatio": 0.1200736371,
    "eps": 2.44,
    "epsdiluted": 2.44,
    "weightedAverageShsOut": 1312000000,
    "weightedAverageShsOutDil": 1313000000,
    "link": "https://find-and-update.company-information.service.gov.uk/search/companies?q=AstraZeneca+PLC",
    "finalLink": "https://find-and-update.company-information.service.gov.uk/search/companies?q=AstraZeneca+PLC"
  },
  {
    "date": "2019-12-31",
    "symbol": "AZN",
    "reportedCurrency": "USD",
    "cik": "0000000000",
    "fillingDate": "2019-12-31",
    "acceptedDate": "2019-12-30 19:00:00",
    "calendarYear": "2019",
    "period": "FY",
    "revenue": 24384000000,
    "costOfRevenue": 4921000000,
    "grossProfit": 19463000000,
    "grossProfitRatio": 0.798187336,
    "researchAndDevelopmentExpenses": 5958000000,
    "generalAndAdministrativeExpenses": 11682000000,
    "sellingAndMarketingExpenses": 11848000000,
    "sellingGeneralAndAdministrativeExpenses": 11848000000,
    "otherExpenses": -1541000000,
    "operatingExpenses": 16265000000,
    "costAndExpenses": 21186000000,
    "interestIncome": 172000000,
    "interestExpense": 1432000000,
    "depreciationAndAmortization": 3762000000,
    "ebitda": 6712000000,
    "ebitdaratio": 0.2752624672,
    "operatingIncome": 2924000000,
    "operatingIncomeRatio": 0.1199146982,
    "totalOtherIncomeExpensesNet": -1376000000,
    "incomeBeforeTax": 1548000000,
    "incomeBeforeTaxRatio": 0.063484252,
    "incomeTaxExpense": 321000000,
    "netIncome": 1335000000,
    "netIncomeRatio": 0.0547490157,
    "eps": 1.03,
    "epsdiluted": 1.03,
    "weightedAverageShsOut": 1301000000,
    "weightedAverageShsOutDil": 1301000000,
    "link": "https://find-and-update.company-information.service.gov.uk/search/companies?q=AstraZeneca+PLC",
    "finalLink": "https://find-and-update.company-information.service.gov.uk/search/companies?q=AstraZeneca+PLC"
  },
  {
    "date": "2018-12-31",
    "symbol": "AZN",
    "reportedCurrency": "USD",
    "cik": "0000000000",
    "fillingDate": "2018-12-31",
    "acceptedDate": "2018-12-30 19:00:00",
    "calendarYear": "2018",
    "period": "FY",
    "revenue": 22090000000,
    "costOfRevenue": 4936000000,
    "grossProfit": 17154000000,
    "grossProfitRatio": 0.7765504753,
    "researchAndDevelopmentExpenses": 5932000000,
    "generalAndAdministrativeExpenses": 0,
    "sellingAndMarketingExpenses": 10362000000,
    "sellingGeneralAndAdministrativeExpenses": 10362000000,
    "otherExpenses": -650000000,
    "operatingExpenses": 13767000000,
    "costAndExpenses": 18703000000,
    "interestIncome": 138000000,
    "interestExpense": 1419000000,
    "depreciationAndAmortization": 3753000000,
    "ebitda": 7112000000,
    "ebitdaratio": 0.321955636,
    "operatingIncome": 3387000000,
    "operatingIncomeRatio": 0.1533272974,
    "totalOtherIncomeExpensesNet": -1394000000,
    "incomeBeforeTax": 1993000000,
    "incomeBeforeTaxRatio": 0.0902218198,
    "incomeTaxExpense": -57000000,
    "netIncome": 2155000000,
    "netIncomeRatio": 0.097555455,
    "eps": 1.7,
    "epsdiluted": 1.7,
    "weightedAverageShsOut": 1267000000,
    "weightedAverageShsOutDil": 1267000000,
    "link": "https://find-and-update.company-information.service.gov.uk/search/companies?q=AstraZeneca+PLC",
    "finalLink": "https://find-and-update.company-information.service.gov.uk/search/companies?q=AstraZeneca+PLC"
  },
  {
    "date": "2017-12-31",
    "symbol": "AZN",
    "reportedCurrency": "USD",
    "cik": "0000000000",
    "fillingDate": "2017-12-31",
    "acceptedDate": "2017-12-30 19:00:00",
    "calendarYear": "2017",
    "period": "FY",
    "revenue": 22465000000,
    "costOfRevenue": 4318000000,
    "grossProfit": 18147000000,
    "grossProfitRatio": 0.8077898954,
    "researchAndDevelopmentExpenses": 5757000000,
    "generalAndAdministrativeExpenses": 10233000000,
    "sellingAndMarketingExpenses": 10543000000,
    "sellingGeneralAndAdministrativeExpenses": 10543000000,
    "otherExpenses": -10438000000,
    "operatingExpenses": 14470000000,
    "costAndExpenses": 18788000000,
    "interestIncome": 113000000,
    "interestExpense": 1508000000,
    "depreciationAndAmortization": 3036000000,
    "ebitda": 6623000000,
    "ebitdaratio": 0.2948141554,
    "operatingIncome": 3677000000,
    "operatingIncomeRatio": 0.1636768306,
    "totalOtherIncomeExpensesNet": -1450000000,
    "incomeBeforeTax": 2227000000,
    "incomeBeforeTaxRatio": 0.0991319831,
    "incomeTaxExpense": -641000000,
    "netIncome": 3001000000,
    "netIncomeRatio": 0.1335855776,
    "eps": 2.37,
    "epsdiluted": 2.37,
    "weightedAverageShsOut": 1266000000,
    "weightedAverageShsOutDil": 1267000000,
    "link": "https://find-and-update.company-information.service.gov.uk/search/companies?q=AstraZeneca+PLC",
    "finalLink": "https://find-and-update.company-information.service.gov.uk/search/companies?q=AstraZeneca+PLC"
  },
  {
    "date": "2016-12-31",
    "symbol": "AZN",
    "reportedCurrency": "USD",
    "cik": "0000000000",
    "fillingDate": "2016-12-31",
    "acceptedDate": "2016-12-30 19:00:00",
    "calendarYear": "2016",
    "period": "FY",
    "revenue": 23002000000,
    "costOfRevenue": 4126000000,
    "grossProfit": 18876000000,
    "grossProfitRatio": 0.8206242935,
    "researchAndDevelopmentExpenses": 5890000000,
    "generalAndAdministrativeExpenses": 9413000000,
    "sellingAndMarketingExpenses": 9739000000,
    "sellingGeneralAndAdministrativeExpenses": 9739000000,
    "otherExpenses": -9738000000,
    "operatingExpenses": 13974000000,
    "costAndExpenses": 18100000000,
    "interestIncome": 67000000,
    "interestExpense": 1384000000,
    "depreciationAndAmortization": 2357000000,
    "ebitda": 7276000000,
    "ebitdaratio": 0.31632032,
    "operatingIncome": 4902000000,
    "operatingIncomeRatio": 0.2131119033,
    "totalOtherIncomeExpensesNet": -1350000000,
    "incomeBeforeTax": 3552000000,
    "incomeBeforeTaxRatio": 0.1544213547,
    "incomeTaxExpense": 146000000,
    "netIncome": 3499000000,
    "netIncomeRatio": 0.1521172072,
    "eps": 2.77,
    "epsdiluted": 2.76,
    "weightedAverageShsOut": 1265000000,
    "weightedAverageShsOutDil": 1266000000,
    "link": "https://find-and-update.company-information.service.gov.uk/search/companies?q=AstraZeneca+PLC",
    "finalLink": "https://find-and-update.company-information.service.gov.uk/search/companies?q=AstraZeneca+PLC"
  },
  {
    "date": "2015-12-31",
    "symbol": "AZN",
    "reportedCurrency": "USD",
    "cik": "0000000000",
    "fillingDate": "2015-12-31",
    "acceptedDate": "2015-12-30 19:00:00",
    "calendarYear": "2015",
    "period": "FY",
    "revenue": 24708000000,
    "costOfRevenue": 4646000000,
    "grossProfit": 20062000000,
    "grossProfitRatio": 0.8119637364,
    "researchAndDevelopmentExpenses": 5997000000,
    "generalAndAdministrativeExpenses": 11112000000,
    "sellingAndMarketingExpenses": 11451000000,
    "sellingGeneralAndAdministrativeExpenses": 11451000000,
    "otherExpenses": -11630000000,
    "operatingExpenses": 15948000000,
    "costAndExpenses": 20594000000,
    "interestIncome": 46000000,
    "interestExpense": 1075000000,
    "depreciationAndAmortization": 2852000000,
    "ebitda": 6960000000,
    "ebitdaratio": 0.2816901408,
    "operatingIncome": 4114000000,
    "operatingIncomeRatio": 0.1665047758,
    "totalOtherIncomeExpensesNet": -1045000000,
    "incomeBeforeTax": 3069000000,
    "incomeBeforeTaxRatio": 0.1242107819,
    "incomeTaxExpense": 243000000,
    "netIncome": 2825000000,
    "netIncomeRatio": 0.1143354379,
    "eps": 2.23,
    "epsdiluted": 2.23,
    "weightedAverageShsOut": 1264000000,
    "weightedAverageShsOutDil": 1265000000,
    "link": "https://find-and-update.company-information.service.gov.uk/search/companies?q=AstraZeneca+PLC",
    "finalLink": "https://find-and-update.company-information.service.gov.uk/search/companies?q=AstraZeneca+PLC"
  }
]