[
  {
    "date": "2025-02-28",
    "symbol": "ACN",
    "reportedCurrency": "USD",
    "cik": "0001467373",
    "fillingDate": "2025-03-20",
    "acceptedDate": "2025-03-20 06:44:57",
    "calendarYear": "2025",
    "period": "Q2",
    "revenue": 16659301000,
    "costOfRevenue": 11684313000,
    "grossProfit": 4974988000,
    "grossProfitRatio": 0.2986312571,
    "researchAndDevelopmentExpenses": 0,
    "generalAndAdministrativeExpenses": 1053493000,
    "sellingAndMarketingExpenses": 1676781000,
    "sellingGeneralAndAdministrativeExpenses": 2730274000,
    "otherExpenses": 0,
    "operatingExpenses": 2730274000,
    "costAndExpenses": 14414587000,
    "interestIncome": 76113000,
    "interestExpense": 64669000,
    "depreciationAndAmortization": 365102000,
    "ebitda": 2718545000,
    "ebitdaratio": 0.1631848179,
    "operatingIncome": 2244714000,
    "operatingIncomeRatio": 0.1347423881,
    "totalOtherIncomeExpensesNet": 44060000,
    "incomeBeforeTax": 2288774000,
    "incomeBeforeTaxRatio": 0.1373871569,
    "incomeTaxExpense": 466333000,
    "netIncome": 1788075000,
    "netIncomeRatio": 0.1073319343,
    "eps": 2.85,
    "epsdiluted": 2.82,
    "weightedAverageShsOut": 626824946,
    "weightedAverageShsOutDil": 634211978,
    "link": "https://www.sec.gov/Archives/edgar/data/1467373/000146737325000100/0001467373-25-000100-index.htm",
    "finalLink": "https://www.sec.gov/Archives/edgar/data/1467373/000146737325000100/acn-20250228.htm"
  },
  {
    "date": "2024-11-30",
    "symbol": "ACN",
    "reportedCurrency": "USD",
    "cik": "0001467373",
    "fillingDate": "2024-12-19",
    "acceptedDate": "2024-12-19 06:48:37",
    "calendarYear": "2025",
    "period": "Q1",
    "revenue": 17689545000,
    "costOfRevenue": 11866716000,
    "grossProfit": 5822829000,
    "grossProfitRatio": 0.329167822,
    "researchAndDevelopmentExpenses": 0,
    "generalAndAdministrativeExpenses": 1063243000,
    "sellingAndMarketingExpenses": 1811109000,
    "sellingGeneralAndAdministrativeExpenses": 2874352000,
    "otherExpenses": 0,
    "operatingExpenses": 2874352000,
    "costAndExpenses": 14741068000,
    "interestIncome": 76027000,
    "interestExpense": 30042000,
    "depreciationAndAmortization": 378637000,
    "ebitda": 3363924000,
    "ebitdaratio": 0.1901645294,
    "operatingIncome": 2948477000,
    "operatingIncomeRatio": 0.1666790751,
    "totalOtherIncomeExpensesNet": 6768000,
    "incomeBeforeTax": 2955245000,
    "incomeBeforeTaxRatio": 0.167061674,
    "incomeTaxExpense": 639055000,
    "netIncome": 2278894000,
    "netIncomeRatio": 0.1288271688,
    "eps": 3.64,
    "epsdiluted": 3.59,
    "weightedAverageShsOut": 625676922,
    "weightedAverageShsOutDil": 634656410,
    "link": "https://www.sec.gov/Archives/edgar/data/1467373/000146737324000352/0001467373-24-000352-index.htm",
    "finalLink": "https://www.sec.gov/Archives/edgar/data/1467373/000146737324000352/acn-20241130.htm"
  },
  {
    "date": "2024-08-31",
    "symbol": "ACN",
    "reportedCurrency": "USD",
    "cik": "0001467373",
    "fillingDate": "2024-10-10",
    "acceptedDate": "2024-10-10 06:43:59",
    "calendarYear": "2024",
    "period": "Q4",
    "revenue": 16405819000,
    "costOfRevenue": 11068363000,
    "grossProfit": 5337456000,
    "grossProfitRatio": 0.3253391982,
    "researchAndDevelopmentExpenses": 0,
    "generalAndAdministrativeExpenses": 1122569000,
    "sellingAndMarketingExpenses": 1755272000,
    "sellingGeneralAndAdministrativeExpenses": 2877841000,
    "otherExpenses": 105947000,
    "operatingExpenses": 2983788000,
    "costAndExpenses": 14052151000,
    "interestIncome": 51317000,
    "interestExpense": 22835000,
    "depreciationAndAmortization": 393763000,
    "ebitda": 2749159000,
    "ebitdaratio": 0.1675721889,
    "operatingIncome": 2353668000,
    "operatingIncomeRatio": 0.1434654375,
    "totalOtherIncomeExpensesNet": -21107000,
    "incomeBeforeTax": 2332561000,
    "incomeBeforeTaxRatio": 0.1421788818,
    "incomeTaxExpense": 613895000,
    "netIncome": 1684301000,
    "netIncomeRatio": 0.1026648532,
    "eps": 2.66,
    "epsdiluted": 2.66,
    "weightedAverageShsOut": 633279667,
    "weightedAverageShsOutDil": 633883494,
    "link": "https://www.sec.gov/Archives/edgar/data/1467373/000146737324000278/0001467373-24-000278-index.htm",
    "finalLink": "https://www.sec.gov/Archives/edgar/data/1467373/000146737324000278/acn-20240831.htm"
  },
  {
    "date": "2024-05-31",
    "symbol": "ACN",
    "reportedCurrency": "USD",
    "cik": "0001467373",
    "fillingDate": "2024-06-20",
    "acceptedDate": "2024-06-20 06:44:37",
    "calendarYear": "2024",
    "period": "Q3",
    "revenue": 16466828000,
    "costOfRevenue": 10958214000,
    "grossProfit": 5508614000,
    "grossProfitRatio": 0.334527937,
    "researchAndDevelopmentExpenses": 0,
    "generalAndAdministrativeExpenses": 1039800000,
    "sellingAndMarketingExpenses": 1750366000,
    "sellingGeneralAndAdministrativeExpenses": 2790166000,
    "otherExpenses": -18851000,
    "operatingExpenses": 2790166000,
    "costAndExpenses": 13748380000,
    "interestIncome": 53690000,
    "interestExpense": 11334000,
    "depreciationAndAmortization": 345425000,
    "ebitda": 3011129000,
    "ebitdaratio": 0.1828602934,
    "operatingIncome": 2718448000,
    "operatingIncomeRatio": 0.1650863178,
    "totalOtherIncomeExpensesNet": 23505000,
    "incomeBeforeTax": 2654370000,
    "incomeBeforeTaxRatio": 0.1611949794,
    "incomeTaxExpense": 673022000,
    "netIncome": 1932183000,
    "netIncomeRatio": 0.117337899,
    "eps": 3.08,
    "epsdiluted": 3.04,
    "weightedAverageShsOut": 628353267,
    "weightedAverageShsOutDil": 635607597,
    "link": "https://www.sec.gov/Archives/edgar/data/1467373/000146737324000196/0001467373-24-000196-index.htm",
    "finalLink": "https://www.sec.gov/Archives/edgar/data/1467373/000146737324000196/acn-20240531.htm"
  },
  {
    "date": "2024-02-29",
    "symbol": "ACN",
    "reportedCurrency": "USD",
    "cik": "0001467373",
    "fillingDate": "2024-03-21",
    "acceptedDate": "2024-03-21 06:46:17",
    "calendarYear": "2024",
    "period": "Q2",
    "revenue": 15799514000,
    "costOfRevenue": 10921045000,
    "grossProfit": 4878469000,
    "grossProfitRatio": 0.3087733585,
    "researchAndDevelopmentExpenses": 0,
    "generalAndAdministrativeExpenses": 1085448000,
    "sellingAndMarketingExpenses": 1631185000,
    "sellingGeneralAndAdministrativeExpenses": 2716633000,
    "otherExpenses": -5652000,
    "operatingExpenses": 2832042000,
    "costAndExpenses": 13753087000,
    "interestIncome": 65269000,
    "interestExpense": 10305000,
    "depreciationAndAmortization": 347487000,
    "ebitda": 2634972000,
    "ebitdaratio": 0.1667755097,
    "operatingIncome": 2046427000,
    "operatingIncomeRatio": 0.1295246803,
    "totalOtherIncomeExpensesNet": 49312000,
    "incomeBeforeTax": 2095739000,
    "incomeBeforeTaxRatio": 0.132645789,
    "incomeTaxExpense": 386537000,
    "netIncome": 1674859000,
    "netIncomeRatio": 0.1060069949,
    "eps": 2.66,
    "epsdiluted": 2.63,
    "weightedAverageShsOut": 629016555,
    "weightedAverageShsOutDil": 636797814,
    "link": "https://www.sec.gov/Archives/edgar/data/1467373/000146737324000108/0001467373-24-000108-index.htm",
    "finalLink": "https://www.sec.gov/Archives/edgar/data/1467373/000146737324000108/acn-20240229.htm"
  },
  {
    "date": "2023-11-30",
    "symbol": "ACN",
    "reportedCurrency": "USD",
    "cik": "0001467373",
    "fillingDate": "2023-12-19",
    "acceptedDate": "2023-12-19 07:02:06",
    "calendarYear": "2024",
    "period": "Q1",
    "revenue": 16224303000,
    "costOfRevenue": 10776362000,
    "grossProfit": 5447941000,
    "grossProfitRatio": 0.3357889088,
    "researchAndDevelopmentExpenses": 0,
    "generalAndAdministrativeExpenses": 1033499000,
    "sellingAndMarketingExpenses": 1709891000,
    "sellingGeneralAndAdministrativeExpenses": 2743390000,
    "otherExpenses": -35719000,
    "operatingExpenses": 2883054000,
    "costAndExpenses": 13659416000,
    "interestIncome": 101980000,
    "interestExpense": 14495000,
    "depreciationAndAmortization": 343367000,
    "ebitda": 3152548000,
    "ebitdaratio": 0.1943102271,
    "operatingIncome": 2564887000,
    "operatingIncomeRatio": 0.158089195,
    "totalOtherIncomeExpensesNet": 51766000,
    "incomeBeforeTax": 2616653000,
    "incomeBeforeTaxRatio": 0.1612798405,
    "incomeTaxExpense": 606672000,
    "netIncome": 1973444000,
    "netIncomeRatio": 0.1216350558,
    "eps": 3.14,
    "epsdiluted": 3.1,
    "weightedAverageShsOut": 627996111,
    "weightedAverageShsOutDil": 637398361,
    "link": "https://www.sec.gov/Archives/edgar/data/1467373/000146737323000403/0001467373-23-000403-index.htm",
    "finalLink": "https://www.sec.gov/Archives/edgar/data/1467373/000146737323000403/acn-20231130.htm"
  },
  {
    "date": "2023-08-31",
    "symbol": "ACN",
    "reportedCurrency": "USD",
    "cik": "0001467373",
    "fillingDate": "2023-10-12",
    "acceptedDate": "2023-10-12 06:54:36",
    "calendarYear": "2023",
    "period": "Q4",
    "revenue": 15985200000,
    "costOfRevenue": 10803571000,
    "grossProfit": 5181629000,
    "grossProfitRatio": 0.3241516528,
    "researchAndDevelopmentExpenses": 1298657000,
    "generalAndAdministrativeExpenses": 1066404000,
    "sellingAndMarketingExpenses": 1730422000,
    "sellingGeneralAndAdministrativeExpenses": 2796826000,
    "otherExpenses": -40017000,
    "operatingExpenses": 3268709000,
    "costAndExpenses": 14072280000,
    "interestIncome": 103627000,
    "interestExpense": 17403000,
    "depreciationAndAmortization": 375736000,
    "ebitda": 2352266000,
    "ebitdaratio": 0.1471527413,
    "operatingIncome": 1912920000,
    "operatingIncomeRatio": 0.1196681931,
    "totalOtherIncomeExpensesNet": 46207000,
    "incomeBeforeTax": 1959127000,
    "incomeBeforeTaxRatio": 0.1225588044,
    "incomeTaxExpense": 550915000,
    "netIncome": 1372963000,
    "netIncomeRatio": 0.0858896354,
    "eps": 2.18,
    "epsdiluted": 2.15,
    "weightedAverageShsOut": 629922331,
    "weightedAverageShsOutDil": 639249070,
    "link": "https://www.sec.gov/Archives/edgar/data/1467373/000146737323000324/0001467373-23-000324-index.htm",
    "finalLink": "https://www.sec.gov/Archives/edgar/data/1467373/000146737323000324/acn-20230831.htm"
  },
  {
    "date": "2023-05-31",
    "symbol": "ACN",
    "reportedCurrency": "USD",
    "cik": "0001467373",
    "fillingDate": "2023-06-22",
    "acceptedDate": "2023-06-22 06:50:30",
    "calendarYear": "2023",
    "period": "Q3",
    "revenue": 16564585000,
    "costOfRevenue": 11035515000,
    "grossProfit": 5529070000,
    "grossProfitRatio": 0.3337886219,
    "researchAndDevelopmentExpenses": 0,
    "generalAndAdministrativeExpenses": 1084288000,
    "sellingAndMarketingExpenses": 1738621000,
    "sellingGeneralAndAdministrativeExpenses": 2822909000,
    "otherExpenses": 201783000,
    "operatingExpenses": 3169782000,
    "costAndExpenses": 14205297000,
    "interestIncome": 81818000,
    "interestExpense": 11208000,
    "depreciationAndAmortization": 358347000,
    "ebitda": 3243988000,
    "ebitdaratio": 0.1958387729,
    "operatingIncome": 2359288000,
    "operatingIncomeRatio": 0.1424296473,
    "totalOtherIncomeExpensesNet": 272393000,
    "incomeBeforeTax": 2631681000,
    "incomeBeforeTaxRatio": 0.158873947,
    "incomeTaxExpense": 583346000,
    "netIncome": 2009996000,
    "netIncomeRatio": 0.1213429736,
    "eps": 3.18,
    "epsdiluted": 3.15,
    "weightedAverageShsOut": 631535162,
    "weightedAverageShsOutDil": 638743434,
    "link": "https://www.sec.gov/Archives/edgar/data/1467373/000146737323000221/0001467373-23-000221-index.htm",
    "finalLink": "https://www.sec.gov/Archives/edgar/data/1467373/000146737323000221/acn-20230531.htm"
  },
  {
    "date": "2023-02-28",
    "symbol": "ACN",
    "reportedCurrency": "USD",
    "cik": "0001467373",
    "fillingDate": "2023-03-23",
    "acceptedDate": "2023-03-23 06:49:24",
    "calendarYear": "2023",
    "period": "Q2",
    "revenue": 15814158000,
    "costOfRevenue": 10979392000,
    "grossProfit": 4834766000,
    "grossProfitRatio": 0.3057238963,
    "researchAndDevelopmentExpenses": 0,
    "generalAndAdministrativeExpenses": 1082228000,
    "sellingAndMarketingExpenses": 1563567000,
    "sellingGeneralAndAdministrativeExpenses": 2645795000,
    "otherExpenses": -36300000,
    "operatingExpenses": 2890185000,
    "costAndExpenses": 13869577000,
    "interestIncome": 50259000,
    "interestExpense": 11634000,
    "depreciationAndAmortization": 343114000,
    "ebitda": 2491016000,
    "ebitdaratio": 0.1575180923,
    "operatingIncome": 1944581000,
    "operatingIncomeRatio": 0.1229645612,
    "totalOtherIncomeExpensesNet": 2325000,
    "incomeBeforeTax": 1946906000,
    "incomeBeforeTaxRatio": 0.1231115814,
    "incomeTaxExpense": 396223000,
    "netIncome": 1523648000,
    "netIncomeRatio": 0.0963470834,
    "eps": 2.42,
    "epsdiluted": 2.39,
    "weightedAverageShsOut": 630845147,
    "weightedAverageShsOutDil": 637735390,
    "link": "https://www.sec.gov/Archives/edgar/data/1467373/000146737323000124/0001467373-23-000124-index.htm",
    "finalLink": "https://www.sec.gov/Archives/edgar/data/1467373/000146737323000124/acn-20230228.htm"
  },
  {
    "date": "2022-11-30",
    "symbol": "ACN",
    "reportedCurrency": "USD",
    "cik": "0001467373",
    "fillingDate": "2022-12-16",
    "acceptedDate": "2022-12-16 06:50:53",
    "calendarYear": "2023",
    "period": "Q1",
    "revenue": 15747802000,
    "costOfRevenue": 10561660000,
    "grossProfit": 5186142000,
    "grossProfitRatio": 0.3293248163,
    "researchAndDevelopmentExpenses": 0,
    "generalAndAdministrativeExpenses": 1043023000,
    "sellingAndMarketingExpenses": 1550019000,
    "sellingGeneralAndAdministrativeExpenses": 2593042000,
    "otherExpenses": 0,
    "operatingExpenses": 2593042000,
    "costAndExpenses": 13154702000,
    "interestIncome": 44705000,
    "interestExpense": 7280000,
    "depreciationAndAmortization": 323558000,
    "ebitda": 2932456000,
    "ebitdaratio": 0.1862136697,
    "operatingIncome": 2593100000,
    "operatingIncomeRatio": 0.1646642497,
    "totalOtherIncomeExpensesNet": 8518000,
    "incomeBeforeTax": 2601618000,
    "incomeBeforeTaxRatio": 0.1652051505,
    "incomeTaxExpense": 605318000,
    "netIncome": 1964950000,
    "netIncomeRatio": 0.1247761434,
    "eps": 3.12,
    "epsdiluted": 3.08,
    "weightedAverageShsOut": 630137262,
    "weightedAverageShsOutDil": 638766821,
    "link": "https://www.sec.gov/Archives/edgar/data/1467373/000146737322000370/0001467373-22-000370-index.htm",
    "finalLink": "https://www.sec.gov/Archives/edgar/data/1467373/000146737322000370/acn-20221130.htm"
  },
  {
    "date": "2022-08-31",
    "symbol": "ACN",
    "reportedCurrency": "USD",
    "cik": "0001467373",
    "fillingDate": "2022-10-12",
    "acceptedDate": "2022-10-12 17:04:46",
    "calendarYear": "2022",
    "period": "Q4",
    "revenue": 15423656000,
    "costOfRevenue": 10477599000,
    "grossProfit": 4946057000,
    "grossProfitRatio": 0.3206799348,
    "researchAndDevelopmentExpenses": 1123296000,
    "generalAndAdministrativeExpenses": 1099625000,
    "sellingAndMarketingExpenses": 1578243000,
    "sellingGeneralAndAdministrativeExpenses": 2677868000,
    "otherExpenses": -33444000,
    "operatingExpenses": 2677868000,
    "costAndExpenses": 13155467000,
    "interestIncome": 23087000,
    "interestExpense": 12871000,
    "depreciationAndAmortization": 534905000,
    "ebitda": 2597448000,
    "ebitdaratio": 0.1684067643,
    "operatingIncome": 2268189000,
    "operatingIncomeRatio": 0.1470591019,
    "totalOtherIncomeExpensesNet": -23228000,
    "incomeBeforeTax": 2244961000,
    "incomeBeforeTaxRatio": 0.1455531036,
    "incomeTaxExpense": 552576000,
    "netIncome": 1665128000,
    "netIncomeRatio": 0.107959358,
    "eps": 2.63,
    "epsdiluted": 2.6,
    "weightedAverageShsOut": 632095422,
    "weightedAverageShsOutDil": 640914760,
    "link": "https://www.sec.gov/Archives/edgar/data/1467373/000146737322000295/0001467373-22-000295-index.htm",
    "finalLink": "https://www.sec.gov/Archives/edgar/data/1467373/000146737322000295/acn-20220831.htm"
  },
  {
    "date": "2022-05-31",
    "symbol": "ACN",
    "reportedCurrency": "USD",
    "cik": "0001467373",
    "fillingDate": "2022-06-23",
    "acceptedDate": "2022-06-23 06:56:40",
    "calendarYear": "2022",
    "period": "Q3",
    "revenue": 16158803000,
    "costOfRevenue": 10844069000,
    "grossProfit": 5314734000,
    "grossProfitRatio": 0.3289064171,
    "researchAndDevelopmentExpenses": 0,
    "generalAndAdministrativeExpenses": 1050697000,
    "sellingAndMarketingExpenses": 1660919000,
    "sellingGeneralAndAdministrativeExpenses": 2711616000,
    "otherExpenses": -8877000,
    "operatingExpenses": 2711616000,
    "costAndExpenses": 13555685000,
    "interestIncome": 8727000,
    "interestExpense": 12050000,
    "depreciationAndAmortization": 524186000,
    "ebitda": 2603118000,
    "ebitdaratio": 0.1610959673,
    "operatingIncome": 2603118000,
    "operatingIncomeRatio": 0.1610959673,
    "totalOtherIncomeExpensesNet": -108494000,
    "incomeBeforeTax": 2494624000,
    "incomeBeforeTaxRatio": 0.1543817324,
    "incomeTaxExpense": 675308000,
    "netIncome": 1786075000,
    "netIncomeRatio": 0.1105326304,
    "eps": 2.82,
    "epsdiluted": 2.79,
    "weightedAverageShsOut": 632749442,
    "weightedAverageShsOutDil": 641004741,
    "link": "https://www.sec.gov/Archives/edgar/data/1467373/000146737322000201/0001467373-22-000201-index.htm",
    "finalLink": "https://www.sec.gov/Archives/edgar/data/1467373/000146737322000201/acn-20220531.htm"
  },
  {
    "date": "2022-02-28",
    "symbol": "ACN",
    "reportedCurrency": "USD",
    "cik": "0001467373",
    "fillingDate": "2022-03-17",
    "acceptedDate": "2022-03-17 06:48:44",
    "calendarYear": "2022",
    "period": "Q2",
    "revenue": 15046693000,
    "costOfRevenue": 10522734000,
    "grossProfit": 4523959000,
    "grossProfitRatio": 0.300661348,
    "researchAndDevelopmentExpenses": 0,
    "generalAndAdministrativeExpenses": 1047565000,
    "sellingAndMarketingExpenses": 1414814000,
    "sellingGeneralAndAdministrativeExpenses": 2462379000,
    "otherExpenses": -7183000,
    "operatingExpenses": 2462379000,
    "costAndExpenses": 12985113000,
    "interestIncome": 7269000,
    "interestExpense": 11216000,
    "depreciationAndAmortization": 528260000,
    "ebitda": 2061580000,
    "ebitdaratio": 0.1370121661,
    "operatingIncome": 2061580000,
    "operatingIncomeRatio": 0.1370121661,
    "totalOtherIncomeExpensesNet": -11130000,
    "incomeBeforeTax": 2050450000,
    "incomeBeforeTaxRatio": 0.1362724686,
    "incomeTaxExpense": 392921000,
    "netIncome": 1634942000,
    "netIncomeRatio": 0.1086578958,
    "eps": 2.54,
    "epsdiluted": 2.54,
    "weightedAverageShsOut": 633956712,
    "weightedAverageShsOutDil": 644127093,
    "link": "https://www.sec.gov/Archives/edgar/data/1467373/000146737322000144/0001467373-22-000144-index.htm",
    "finalLink": "https://www.sec.gov/Archives/edgar/data/1467373/000146737322000144/acn-20220228.htm"
  },
  {
    "date": "2021-11-30",
    "symbol": "ACN",
    "reportedCurrency": "USD",
    "cik": "0001467373",
    "fillingDate": "2021-12-16",
    "acceptedDate": "2021-12-16 06:59:22",
    "calendarYear": "2022",
    "period": "Q1",
    "revenue": 14965153000,
    "costOfRevenue": 10048364000,
    "grossProfit": 4916789000,
    "grossProfitRatio": 0.3285491969,
    "researchAndDevelopmentExpenses": 0,
    "generalAndAdministrativeExpenses": 1028070000,
    "sellingAndMarketingExpenses": 1454425000,
    "sellingGeneralAndAdministrativeExpenses": 2482495000,
    "otherExpenses": -23029000,
    "operatingExpenses": 2482495000,
    "costAndExpenses": 12530859000,
    "interestIncome": 6050000,
    "interestExpense": 11183000,
    "depreciationAndAmortization": 500865000,
    "ebitda": 2675629000,
    "ebitdaratio": 0.1787906211,
    "operatingIncome": 2434294000,
    "operatingIncomeRatio": 0.1626641572,
    "totalOtherIncomeExpensesNet": -28162000,
    "incomeBeforeTax": 2406132000,
    "incomeBeforeTaxRatio": 0.1607823188,
    "incomeTaxExpense": 586402000,
    "netIncome": 1791024000,
    "netIncomeRatio": 0.1196796317,
    "eps": 2.83,
    "epsdiluted": 2.78,
    "weightedAverageShsOut": 632280932,
    "weightedAverageShsOutDil": 644922661,
    "link": "https://www.sec.gov/Archives/edgar/data/1467373/000146737321000297/0001467373-21-000297-index.htm",
    "finalLink": "https://www.sec.gov/Archives/edgar/data/1467373/000146737321000297/acn-20211130.htm"
  },
  {
    "date": "2021-08-31",
    "symbol": "ACN",
    "reportedCurrency": "USD",
    "cik": "0001467373",
    "fillingDate": "2021-10-15",
    "acceptedDate": "2021-10-15 06:54:29",
    "calendarYear": "2021",
    "period": "Q4",
    "revenue": 13419284000,
    "costOfRevenue": 8953068000,
    "grossProfit": 4466216000,
    "grossProfitRatio": 0.3328207377,
    "researchAndDevelopmentExpenses": 1118320000,
    "generalAndAdministrativeExpenses": 992558000,
    "sellingAndMarketingExpenses": 1514969000,
    "sellingGeneralAndAdministrativeExpenses": 2507527000,
    "otherExpenses": -37629000,
    "operatingExpenses": 2507527000,
    "costAndExpenses": 11460595000,
    "interestIncome": 9722000,
    "interestExpense": 12977000,
    "depreciationAndAmortization": 486281000,
    "ebitda": 1958689000,
    "ebitdaratio": 0.1459607681,
    "operatingIncome": 1958689000,
    "operatingIncomeRatio": 0.1459607681,
    "totalOtherIncomeExpensesNet": -40884000,
    "incomeBeforeTax": 1917805000,
    "incomeBeforeTaxRatio": 0.1429141078,
    "incomeTaxExpense": 480382000,
    "netIncome": 1416248000,
    "netIncomeRatio": 0.1055382687,
    "eps": 2.24,
    "epsdiluted": 2.2,
    "weightedAverageShsOut": 633546144,
    "weightedAverageShsOutDil": 645287973,
    "link": "https://www.sec.gov/Archives/edgar/data/1467373/000146737321000229/0001467373-21-000229-index.htm",
    "finalLink": "https://www.sec.gov/Archives/edgar/data/1467373/000146737321000229/acn-20210831.htm"
  },
  {
    "date": "2021-05-31",
    "symbol": "ACN",
    "reportedCurrency": "USD",
    "cik": "0001467373",
    "fillingDate": "2021-06-24",
    "acceptedDate": "2021-06-24 07:04:06",
    "calendarYear": "2021",
    "period": "Q3",
    "revenue": 13263795000,
    "costOfRevenue": 8859411000,
    "grossProfit": 4404384000,
    "grossProfitRatio": 0.3320606207,
    "researchAndDevelopmentExpenses": 0,
    "generalAndAdministrativeExpenses": 879122000,
    "sellingAndMarketingExpenses": 1406606000,
    "sellingGeneralAndAdministrativeExpenses": 2285728000,
    "otherExpenses": -467000,
    "operatingExpenses": 2285728000,
    "costAndExpenses": 11145139000,
    "interestIncome": 4551000,
    "interestExpense": 28739000,
    "depreciationAndAmortization": 478986000,
    "ebitda": 2118656000,
    "ebitdaratio": 0.1597322637,
    "operatingIncome": 2118656000,
    "operatingIncomeRatio": 0.1597322637,
    "totalOtherIncomeExpensesNet": -24655000,
    "incomeBeforeTax": 2094001000,
    "incomeBeforeTaxRatio": 0.1578734442,
    "incomeTaxExpense": 524429000,
    "netIncome": 1549426000,
    "netIncomeRatio": 0.1168161902,
    "eps": 2.44,
    "epsdiluted": 2.4,
    "weightedAverageShsOut": 635203753,
    "weightedAverageShsOutDil": 645454021,
    "link": "https://www.sec.gov/Archives/edgar/data/1467373/000146737321000161/0001467373-21-000161-index.htm",
    "finalLink": "https://www.sec.gov/Archives/edgar/data/1467373/000146737321000161/acn-20210531.htm"
  },
  {
    "date": "2021-02-28",
    "symbol": "ACN",
    "reportedCurrency": "USD",
    "cik": "0001467373",
    "fillingDate": "2021-03-18",
    "acceptedDate": "2021-03-18 06:56:25",
    "calendarYear": "2021",
    "period": "Q2",
    "revenue": 12088125000,
    "costOfRevenue": 8492893000,
    "grossProfit": 3595232000,
    "grossProfitRatio": 0.2974184996,
    "researchAndDevelopmentExpenses": 0,
    "generalAndAdministrativeExpenses": 802231000,
    "sellingAndMarketingExpenses": 1139486000,
    "sellingGeneralAndAdministrativeExpenses": 1941717000,
    "otherExpenses": 109443000,
    "operatingExpenses": 1941717000,
    "costAndExpenses": 10434610000,
    "interestIncome": 8407000,
    "interestExpense": 8922000,
    "depreciationAndAmortization": 457775000,
    "ebitda": 1653515000,
    "ebitdaratio": 0.136788377,
    "operatingIncome": 1653515000,
    "operatingIncomeRatio": 0.136788377,
    "totalOtherIncomeExpensesNet": 108928000,
    "incomeBeforeTax": 1762443000,
    "incomeBeforeTaxRatio": 0.1457995347,
    "incomeTaxExpense": 300950000,
    "netIncome": 1440859000,
    "netIncomeRatio": 0.119196236,
    "eps": 2.27,
    "epsdiluted": 2.23,
    "weightedAverageShsOut": 635993980,
    "weightedAverageShsOutDil": 646321916,
    "link": "https://www.sec.gov/Archives/edgar/data/1467373/000146737321000106/0001467373-21-000106-index.htm",
    "finalLink": "https://www.sec.gov/Archives/edgar/data/1467373/000146737321000106/acn-20210228.htm"
  },
  {
    "date": "2020-11-30",
    "symbol": "ACN",
    "reportedCurrency": "USD",
    "cik": "0001467373",
    "fillingDate": "2020-12-17",
    "acceptedDate": "2020-12-17 07:08:14",
    "calendarYear": "2021",
    "period": "Q1",
    "revenue": 11762185000,
    "costOfRevenue": 7863889000,
    "grossProfit": 3898296000,
    "grossProfitRatio": 0.3314261763,
    "researchAndDevelopmentExpenses": 0,
    "generalAndAdministrativeExpenses": 780451000,
    "sellingAndMarketingExpenses": 1227176000,
    "sellingGeneralAndAdministrativeExpenses": 2007627000,
    "otherExpenses": 94367000,
    "operatingExpenses": 2007627000,
    "costAndExpenses": 9871516000,
    "interestIncome": 10685000,
    "interestExpense": 8854000,
    "depreciationAndAmortization": 468200000,
    "ebitda": 2091793999,
    "ebitdaratio": 0.1778405967,
    "operatingIncome": 1890669000,
    "operatingIncomeRatio": 0.1607413078,
    "totalOtherIncomeExpensesNet": 96198000,
    "incomeBeforeTax": 1986867000,
    "incomeBeforeTaxRatio": 0.1689198903,
    "incomeTaxExpense": 464810000,
    "netIncome": 1500276000,
    "netIncomeRatio": 0.1275507909,
    "eps": 2.37,
    "epsdiluted": 2.32,
    "weightedAverageShsOut": 634271482,
    "weightedAverageShsOutDil": 646879735,
    "link": "https://www.sec.gov/Archives/edgar/data/1467373/000146737320000431/0001467373-20-000431-index.htm",
    "finalLink": "https://www.sec.gov/Archives/edgar/data/1467373/000146737320000431/acn-20201130.htm"
  },
  {
    "date": "2020-08-31",
    "symbol": "ACN",
    "reportedCurrency": "USD",
    "cik": "0001467373",
    "fillingDate": "2020-10-22",
    "acceptedDate": "2020-10-22 16:28:48",
    "calendarYear": "2020",
    "period": "Q4",
    "revenue": 10835271000,
    "costOfRevenue": 7394731000,
    "grossProfit": 3440540000,
    "grossProfitRatio": 0.3175315135,
    "researchAndDevelopmentExpenses": 870611000,
    "generalAndAdministrativeExpenses": 741888000,
    "sellingAndMarketingExpenses": 1153949000,
    "sellingGeneralAndAdministrativeExpenses": 1895837000,
    "otherExpenses": 244866000,
    "operatingExpenses": 1895837000,
    "costAndExpenses": 9290568000,
    "interestIncome": 7855000,
    "interestExpense": 14069000,
    "depreciationAndAmortization": 486890000,
    "ebitda": 1757030000,
    "ebitdaratio": 0.1621583807,
    "operatingIncome": 1544703000,
    "operatingIncomeRatio": 0.1425624703,
    "totalOtherIncomeExpensesNet": 238652000,
    "incomeBeforeTax": 1783355000,
    "incomeBeforeTaxRatio": 0.1645879462,
    "incomeTaxExpense": 477931000,
    "netIncome": 1287929000,
    "netIncomeRatio": 0.1188644936,
    "eps": 2.03,
    "epsdiluted": 1.99,
    "weightedAverageShsOut": 635887742,
    "weightedAverageShsOutDil": 647867307,
    "link": "https://www.sec.gov/Archives/edgar/data/1467373/000146737320000376/0001467373-20-000376-index.htm",
    "finalLink": "https://www.sec.gov/Archives/edgar/data/1467373/000146737320000376/acn-20200831.htm"
  },
  {
    "date": "2020-05-31",
    "symbol": "ACN",
    "reportedCurrency": "USD",
    "cik": "0001467373",
    "fillingDate": "2020-06-25",
    "acceptedDate": "2020-06-25 07:11:26",
    "calendarYear": "2020",
    "period": "Q3",
    "revenue": 10991305000,
    "costOfRevenue": 7462617000,
    "grossProfit": 3528688000,
    "grossProfitRatio": 0.3210435885,
    "researchAndDevelopmentExpenses": 0,
    "generalAndAdministrativeExpenses": 697751000,
    "sellingAndMarketingExpenses": 1118204000,
    "sellingGeneralAndAdministrativeExpenses": 1815955000,
    "otherExpenses": -39670000,
    "operatingExpenses": 1815955000,
    "costAndExpenses": 9278572000,
    "interestIncome": 12671000,
    "interestExpense": 4961000,
    "depreciationAndAmortization": 444660000,
    "ebitda": 1939043000,
    "ebitdaratio": 0.1764160853,
    "operatingIncome": 1712733000,
    "operatingIncomeRatio": 0.1558261735,
    "totalOtherIncomeExpensesNet": -31960000,
    "incomeBeforeTax": 1680773000,
    "incomeBeforeTaxRatio": 0.1529184205,
    "incomeTaxExpense": 428134000,
    "netIncome": 1228202000,
    "netIncomeRatio": 0.1117430551,
    "eps": 1.93,
    "epsdiluted": 1.9,
    "weightedAverageShsOut": 636146240,
    "weightedAverageShsOutDil": 645607914,
    "link": "https://www.sec.gov/Archives/edgar/data/1467373/000146737320000251/0001467373-20-000251-index.htm",
    "finalLink": "https://www.sec.gov/Archives/edgar/data/1467373/000146737320000251/acn531202010-q.htm"
  }
]