[
  {
    "date": "2024-12-31",
    "symbol": "BKNG",
    "reportedCurrency": "USD",
    "cik": "0001075531",
    "fillingDate": "2025-02-20",
    "acceptedDate": "2025-02-20 17:12:27",
    "calendarYear": "2024",
    "period": "FY",
    "revenue": 23739000000,
    "costOfRevenue": 0,
    "grossProfit": 23739000000,
    "grossProfitRatio": 1,
    "researchAndDevelopmentExpenses": 0,
    "generalAndAdministrativeExpenses": 1036000000,
    "sellingAndMarketingExpenses": 7278000000,
    "sellingGeneralAndAdministrativeExpenses": 8314000000,
    "otherExpenses": 7870000000,
    "operatingExpenses": 16184000000,
    "costAndExpenses": 16184000000,
    "interestIncome": 1114000000,
    "interestExpense": 1295000000,
    "depreciationAndAmortization": 591000000,
    "ebitda": 6588000000,
    "ebitdaratio": 0.2775180083,
    "operatingIncome": 7555000000,
    "operatingIncomeRatio": 0.3182526644,
    "totalOtherIncomeExpensesNet": -263000000,
    "incomeBeforeTax": 7292000000,
    "incomeBeforeTaxRatio": 0.3071738489,
    "incomeTaxExpense": 1410000000,
    "netIncome": 5882000000,
    "netIncomeRatio": 0.2477779182,
    "eps": 174.94,
    "epsdiluted": 172.67,
    "weightedAverageShsOut": 33622000,
    "weightedAverageShsOutDil": 34064000,
    "link": "https://www.sec.gov/Archives/edgar/data/1075531/000107553125000010/0001075531-25-000010-index.htm",
    "finalLink": "https://www.sec.gov/Archives/edgar/data/1075531/000107553125000010/bkng-20241231.htm"
  },
  {
    "date": "2023-12-31",
    "symbol": "BKNG",
    "reportedCurrency": "USD",
    "cik": "0001075531",
    "fillingDate": "2024-02-22",
    "acceptedDate": "2024-02-22 17:21:32",
    "calendarYear": "2023",
    "period": "FY",
    "revenue": 21365000000,
    "costOfRevenue": 5000000,
    "grossProfit": 21360000000,
    "grossProfitRatio": 0.9997659724,
    "researchAndDevelopmentExpenses": 0,
    "generalAndAdministrativeExpenses": 4849000000,
    "sellingAndMarketingExpenses": 9517000000,
    "sellingGeneralAndAdministrativeExpenses": 14366000000,
    "otherExpenses": 1164000000,
    "operatingExpenses": 15530000000,
    "costAndExpenses": 15530000000,
    "interestIncome": 1020000000,
    "interestExpense": 897000000,
    "depreciationAndAmortization": 665000000,
    "ebitda": 7043000000,
    "ebitdaratio": 0.3296512989,
    "operatingIncome": 5835000000,
    "operatingIncomeRatio": 0.273110227,
    "totalOtherIncomeExpensesNet": -354000000,
    "incomeBeforeTax": 5481000000,
    "incomeBeforeTaxRatio": 0.2565410718,
    "incomeTaxExpense": 1192000000,
    "netIncome": 4289000000,
    "netIncomeRatio": 0.2007488884,
    "eps": 118.68,
    "epsdiluted": 117.41,
    "weightedAverageShsOut": 36140000,
    "weightedAverageShsOutDil": 36530000,
    "link": "https://www.sec.gov/Archives/edgar/data/1075531/000107553124000014/0001075531-24-000014-index.htm",
    "finalLink": "https://www.sec.gov/Archives/edgar/data/1075531/000107553124000014/bkng-20231231.htm"
  },
  {
    "date": "2022-12-31",
    "symbol": "BKNG",
    "reportedCurrency": "USD",
    "cik": "0001075531",
    "fillingDate": "2023-02-23",
    "acceptedDate": "2023-02-23 17:20:46",
    "calendarYear": "2022",
    "period": "FY",
    "revenue": 17090000000,
    "costOfRevenue": 607000000,
    "grossProfit": 16483000000,
    "grossProfitRatio": 0.9644821533,
    "researchAndDevelopmentExpenses": 0,
    "generalAndAdministrativeExpenses": 3925000000,
    "sellingAndMarketingExpenses": 7811000000,
    "sellingGeneralAndAdministrativeExpenses": 11736000000,
    "otherExpenses": 451000000,
    "operatingExpenses": 12187000000,
    "costAndExpenses": 12187000000,
    "interestIncome": 219000000,
    "interestExpense": 391000000,
    "depreciationAndAmortization": 607000000,
    "ebitda": 4921000000,
    "ebitdaratio": 0.2879461673,
    "operatingIncome": 5102000000,
    "operatingIncomeRatio": 0.2985371562,
    "totalOtherIncomeExpensesNet": -1179000000,
    "incomeBeforeTax": 3923000000,
    "incomeBeforeTaxRatio": 0.2295494441,
    "incomeTaxExpense": 865000000,
    "netIncome": 3058000000,
    "netIncomeRatio": 0.1789350497,
    "eps": 76.7,
    "epsdiluted": 76.35,
    "weightedAverageShsOut": 39872000,
    "weightedAverageShsOutDil": 40052000,
    "link": "https://www.sec.gov/Archives/edgar/data/1075531/000107553123000016/0001075531-23-000016-index.htm",
    "finalLink": "https://www.sec.gov/Archives/edgar/data/1075531/000107553123000016/bkng-20221231.htm"
  },
  {
    "date": "2021-12-31",
    "symbol": "BKNG",
    "reportedCurrency": "USD",
    "cik": "0001075531",
    "fillingDate": "2022-02-23",
    "acceptedDate": "2022-02-23 17:19:51",
    "calendarYear": "2021",
    "period": "FY",
    "revenue": 10958000000,
    "costOfRevenue": 599000000,
    "grossProfit": 10359000000,
    "grossProfitRatio": 0.9453367403,
    "researchAndDevelopmentExpenses": 0,
    "generalAndAdministrativeExpenses": 3346000000,
    "sellingAndMarketingExpenses": 4682000000,
    "sellingGeneralAndAdministrativeExpenses": 8028000000,
    "otherExpenses": 421000000,
    "operatingExpenses": 8449000000,
    "costAndExpenses": 8449000000,
    "interestIncome": 16000000,
    "interestExpense": 334000000,
    "depreciationAndAmortization": 599000000,
    "ebitda": 2398000000,
    "ebitdaratio": 0.2188355539,
    "operatingIncome": 1812000000,
    "operatingIncomeRatio": 0.1653586421,
    "totalOtherIncomeExpensesNet": -1031000000,
    "incomeBeforeTax": 1465000000,
    "incomeBeforeTaxRatio": 0.1336922796,
    "incomeTaxExpense": 300000000,
    "netIncome": 1165000000,
    "netIncomeRatio": 0.106315021,
    "eps": 28.39,
    "epsdiluted": 28.17,
    "weightedAverageShsOut": 41042000,
    "weightedAverageShsOutDil": 41362000,
    "link": "https://www.sec.gov/Archives/edgar/data/1075531/000107553122000008/0001075531-22-000008-index.htm",
    "finalLink": "https://www.sec.gov/Archives/edgar/data/1075531/000107553122000008/bkng-20211231.htm"
  },
  {
    "date": "2020-12-31",
    "symbol": "BKNG",
    "reportedCurrency": "USD",
    "cik": "0001075531",
    "fillingDate": "2021-02-24",
    "acceptedDate": "2021-02-24 17:20:19",
    "calendarYear": "2020",
    "period": "FY",
    "revenue": 6796000000,
    "costOfRevenue": 642000000,
    "grossProfit": 6154000000,
    "grossProfitRatio": 0.9055326663,
    "researchAndDevelopmentExpenses": 0,
    "generalAndAdministrativeExpenses": 2824000000,
    "sellingAndMarketingExpenses": 2934000000,
    "sellingGeneralAndAdministrativeExpenses": 5758000000,
    "otherExpenses": 458000000,
    "operatingExpenses": 6216000000,
    "costAndExpenses": 6216000000,
    "interestIncome": 54000000,
    "interestExpense": 356000000,
    "depreciationAndAmortization": 642000000,
    "ebitda": 1565000000,
    "ebitdaratio": 0.2302825191,
    "operatingIncome": 2134000000,
    "operatingIncomeRatio": 0.3140082401,
    "totalOtherIncomeExpensesNet": 1198000000,
    "incomeBeforeTax": 567000000,
    "incomeBeforeTaxRatio": 0.0834314303,
    "incomeTaxExpense": 508000000,
    "netIncome": 59000000,
    "netIncomeRatio": 0.0086815774,
    "eps": 1.44,
    "epsdiluted": 1.43,
    "weightedAverageShsOut": 40974000,
    "weightedAverageShsOutDil": 41160000,
    "link": "https://www.sec.gov/Archives/edgar/data/1075531/000107553121000019/0001075531-21-000019-index.htm",
    "finalLink": "https://www.sec.gov/Archives/edgar/data/1075531/000107553121000019/bkng-20201231.htm"
  },
  {
    "date": "2019-12-31",
    "symbol": "BKNG",
    "reportedCurrency": "USD",
    "cik": "0001075531",
    "fillingDate": "2020-02-26",
    "acceptedDate": "2020-02-26 17:08:40",
    "calendarYear": "2019",
    "period": "FY",
    "revenue": 15066000000,
    "costOfRevenue": 641000000,
    "grossProfit": 14425000000,
    "grossProfitRatio": 0.9574538696,
    "researchAndDevelopmentExpenses": 285000000,
    "generalAndAdministrativeExpenses": 3330000000,
    "sellingAndMarketingExpenses": 5922000000,
    "sellingGeneralAndAdministrativeExpenses": 9252000000,
    "otherExpenses": 184000000,
    "operatingExpenses": 9721000000,
    "costAndExpenses": 9721000000,
    "interestIncome": 152000000,
    "interestExpense": 266000000,
    "depreciationAndAmortization": 641000000,
    "ebitda": 6865000000,
    "ebitdaratio": 0.4556617549,
    "operatingIncome": 5345000000,
    "operatingIncomeRatio": 0.3547723351,
    "totalOtherIncomeExpensesNet": 613000000,
    "incomeBeforeTax": 5958000000,
    "incomeBeforeTaxRatio": 0.3954599761,
    "incomeTaxExpense": 1093000000,
    "netIncome": 4865000000,
    "netIncomeRatio": 0.3229125183,
    "eps": 112.92,
    "epsdiluted": 111.82,
    "weightedAverageShsOut": 43082000,
    "weightedAverageShsOutDil": 43509000,
    "link": "https://www.sec.gov/Archives/edgar/data/1075531/000107553120000011/0001075531-20-000011-index.htm",
    "finalLink": "https://www.sec.gov/Archives/edgar/data/1075531/000107553120000011/bkng1231201910k.htm"
  },
  {
    "date": "2018-12-31",
    "symbol": "BKNG",
    "reportedCurrency": "USD",
    "cik": "0001075531",
    "fillingDate": "2019-02-27",
    "acceptedDate": "2019-02-27 17:10:04",
    "calendarYear": "2018",
    "period": "FY",
    "revenue": 14527000000,
    "costOfRevenue": 426000000,
    "grossProfit": 14101000000,
    "grossProfitRatio": 0.9706752943,
    "researchAndDevelopmentExpenses": 233000000,
    "generalAndAdministrativeExpenses": 2974000000,
    "sellingAndMarketingExpenses": 5786000000,
    "sellingGeneralAndAdministrativeExpenses": 8760000000,
    "otherExpenses": 193000000,
    "operatingExpenses": 9186000000,
    "costAndExpenses": 9186000000,
    "interestIncome": 187000000,
    "interestExpense": 269000000,
    "depreciationAndAmortization": 426000000,
    "ebitda": 5767000000,
    "ebitdaratio": 0.3969849246,
    "operatingIncome": 5341000000,
    "operatingIncomeRatio": 0.3676602189,
    "totalOtherIncomeExpensesNet": -506000000,
    "incomeBeforeTax": 4835000000,
    "incomeBeforeTaxRatio": 0.3328285262,
    "incomeTaxExpense": 837000000,
    "netIncome": 3998000000,
    "netIncomeRatio": 0.2752116748,
    "eps": 84.26,
    "epsdiluted": 83.26,
    "weightedAverageShsOut": 47446000,
    "weightedAverageShsOutDil": 48017000,
    "link": "https://www.sec.gov/Archives/edgar/data/1075531/000107553119000009/0001075531-19-000009-index.htm",
    "finalLink": "https://www.sec.gov/Archives/edgar/data/1075531/000107553119000009/bkng1231201810k.htm"
  },
  {
    "date": "2017-12-31",
    "symbol": "BKNG",
    "reportedCurrency": "USD",
    "cik": "0001075531",
    "fillingDate": "2018-02-27",
    "acceptedDate": "2018-02-27 17:17:39",
    "calendarYear": "2017",
    "period": "FY",
    "revenue": 12681082000,
    "costOfRevenue": 250537000,
    "grossProfit": 12430545000,
    "grossProfitRatio": 0.9802432474,
    "researchAndDevelopmentExpenses": 189344000,
    "generalAndAdministrativeExpenses": 2434466000,
    "sellingAndMarketingExpenses": 5095313000,
    "sellingGeneralAndAdministrativeExpenses": 7529779000,
    "otherExpenses": 173430000,
    "operatingExpenses": 7892553000,
    "costAndExpenses": 8143090000,
    "interestIncome": 157194000,
    "interestExpense": 253976000,
    "depreciationAndAmortization": 363000000,
    "ebitda": 4906000000,
    "ebitdaratio": 0.3868755048,
    "operatingIncome": 4537992000,
    "operatingIncomeRatio": 0.3578552682,
    "totalOtherIncomeExpensesNet": -139000000,
    "incomeBeforeTax": 4398322000,
    "incomeBeforeTaxRatio": 0.3468412238,
    "incomeTaxExpense": 2057557000,
    "netIncome": 2340765000,
    "netIncomeRatio": 0.1845871669,
    "eps": 47.78,
    "epsdiluted": 46.86,
    "weightedAverageShsOut": 48994000,
    "weightedAverageShsOutDil": 49954000,
    "link": "https://www.sec.gov/Archives/edgar/data/1075531/000107553118000015/0001075531-18-000015-index.htm",
    "finalLink": "https://www.sec.gov/Archives/edgar/data/1075531/000107553118000015/pcln-20171231_10k.htm"
  },
  {
    "date": "2016-12-31",
    "symbol": "BKNG",
    "reportedCurrency": "USD",
    "cik": "0001075531",
    "fillingDate": "2017-02-27",
    "acceptedDate": "2017-02-27 17:18:18",
    "calendarYear": "2016",
    "period": "FY",
    "revenue": 10743006000,
    "costOfRevenue": 428314000,
    "grossProfit": 10314692000,
    "grossProfitRatio": 0.9601308982,
    "researchAndDevelopmentExpenses": 142393000,
    "generalAndAdministrativeExpenses": 1948334000,
    "sellingAndMarketingExpenses": 4210210000,
    "sellingGeneralAndAdministrativeExpenses": 6158544000,
    "otherExpenses": 166742000,
    "operatingExpenses": 6467679000,
    "costAndExpenses": 6895993000,
    "interestIncome": 94946000,
    "interestExpense": 207900000,
    "depreciationAndAmortization": 309135000,
    "ebitda": 3230273000,
    "ebitdaratio": 0.3006861394,
    "operatingIncome": 2906313000,
    "operatingIncomeRatio": 0.2705307062,
    "totalOtherIncomeExpensesNet": -193075000,
    "incomeBeforeTax": 2713238000,
    "incomeBeforeTaxRatio": 0.2525585483,
    "incomeTaxExpense": 578251000,
    "netIncome": 2134987000,
    "netIncomeRatio": 0.1987327383,
    "eps": 43.14,
    "epsdiluted": 42.65,
    "weightedAverageShsOut": 49491000,
    "weightedAverageShsOutDil": 50063000,
    "link": "https://www.sec.gov/Archives/edgar/data/1075531/000107553117000009/0001075531-17-000009-index.htm",
    "finalLink": "https://www.sec.gov/Archives/edgar/data/1075531/000107553117000009/pcln-20161231_10k.htm"
  },
  {
    "date": "2015-12-31",
    "symbol": "BKNG",
    "reportedCurrency": "USD",
    "cik": "0001075531",
    "fillingDate": "2016-02-17",
    "acceptedDate": "2016-02-17 08:32:42",
    "calendarYear": "2015",
    "period": "FY",
    "revenue": 9223987000,
    "costOfRevenue": 632180000,
    "grossProfit": 8591807000,
    "grossProfitRatio": 0.9314634767,
    "researchAndDevelopmentExpenses": 113617000,
    "generalAndAdministrativeExpenses": 1695263000,
    "sellingAndMarketingExpenses": 3365143000,
    "sellingGeneralAndAdministrativeExpenses": 5060406000,
    "otherExpenses": 158877000,
    "operatingExpenses": 5332900000,
    "costAndExpenses": 5965080000,
    "interestIncome": 55729000,
    "interestExpense": 160229000,
    "depreciationAndAmortization": 272494000,
    "ebitda": 3509001000,
    "ebitdaratio": 0.3804212864,
    "operatingIncome": 3258907000,
    "operatingIncomeRatio": 0.3533078483,
    "totalOtherIncomeExpensesNet": -130587000,
    "incomeBeforeTax": 3128320000,
    "incomeBeforeTaxRatio": 0.3391505214,
    "incomeTaxExpense": 576960000,
    "netIncome": 2551360000,
    "netIncomeRatio": 0.2766005633,
    "eps": 50.09,
    "epsdiluted": 49.45,
    "weightedAverageShsOut": 50940000,
    "weightedAverageShsOutDil": 51593000,
    "link": "https://www.sec.gov/Archives/edgar/data/1075531/000107553116000084/0001075531-16-000084-index.htm",
    "finalLink": "https://www.sec.gov/Archives/edgar/data/1075531/000107553116000084/pcln-20151231_10k.htm"
  }
]