[
  {
    "date": "2024-12-31",
    "symbol": "BKNG",
    "reportedCurrency": "USD",
    "cik": "0001075531",
    "fillingDate": "2025-02-20",
    "acceptedDate": "2025-02-20 17:12:27",
    "calendarYear": "2024",
    "period": "Q4",
    "revenue": 5471000000,
    "costOfRevenue": 0,
    "grossProfit": 5471000000,
    "grossProfitRatio": 1,
    "researchAndDevelopmentExpenses": 0,
    "generalAndAdministrativeExpenses": 1016000000,
    "sellingAndMarketingExpenses": 2328000000,
    "sellingGeneralAndAdministrativeExpenses": 3344000000,
    "otherExpenses": 398000000,
    "operatingExpenses": 3742000000,
    "costAndExpenses": 3742000000,
    "interestIncome": 251000000,
    "interestExpense": 507000000,
    "depreciationAndAmortization": 203000000,
    "ebitda": 2274000000,
    "ebitdaratio": 0.4156461342,
    "operatingIncome": 1729000000,
    "operatingIncomeRatio": 0.3160299762,
    "totalOtherIncomeExpensesNet": -165000000,
    "incomeBeforeTax": 1564000000,
    "incomeBeforeTaxRatio": 0.2858709559,
    "incomeTaxExpense": 496000000,
    "netIncome": 1068000000,
    "netIncomeRatio": 0.1952111131,
    "eps": 32.31,
    "epsdiluted": 31.95,
    "weightedAverageShsOut": 33051000,
    "weightedAverageShsOutDil": 33426000,
    "link": "https://www.sec.gov/Archives/edgar/data/1075531/000107553125000010/0001075531-25-000010-index.htm",
    "finalLink": "https://www.sec.gov/Archives/edgar/data/1075531/000107553125000010/bkng-20241231.htm"
  },
  {
    "date": "2024-09-30",
    "symbol": "BKNG",
    "reportedCurrency": "USD",
    "cik": "0001075531",
    "fillingDate": "2024-10-30",
    "acceptedDate": "2024-10-30 17:10:28",
    "calendarYear": "2024",
    "period": "Q3",
    "revenue": 7994000000,
    "costOfRevenue": 190000000,
    "grossProfit": 7804000000,
    "grossProfitRatio": 0.9762321741,
    "researchAndDevelopmentExpenses": 0,
    "generalAndAdministrativeExpenses": 1443000000,
    "sellingAndMarketingExpenses": 3023000000,
    "sellingGeneralAndAdministrativeExpenses": 4466000000,
    "otherExpenses": 349000000,
    "operatingExpenses": 4815000000,
    "costAndExpenses": 4815000000,
    "interestIncome": 327000000,
    "interestExpense": 305000000,
    "depreciationAndAmortization": 190000000,
    "ebitda": 3364000000,
    "ebitdaratio": 0.4208156117,
    "operatingIncome": 3179000000,
    "operatingIncomeRatio": 0.3976732549,
    "totalOtherIncomeExpensesNet": -310000000,
    "incomeBeforeTax": 2869000000,
    "incomeBeforeTaxRatio": 0.3588941706,
    "incomeTaxExpense": 352000000,
    "netIncome": 2517000000,
    "netIncomeRatio": 0.3148611459,
    "eps": 75.36,
    "epsdiluted": 74.33,
    "weightedAverageShsOut": 33401000,
    "weightedAverageShsOutDil": 33864000,
    "link": "https://www.sec.gov/Archives/edgar/data/1075531/000107553124000048/0001075531-24-000048-index.htm",
    "finalLink": "https://www.sec.gov/Archives/edgar/data/1075531/000107553124000048/bkng-20240930.htm"
  },
  {
    "date": "2024-06-30",
    "symbol": "BKNG",
    "reportedCurrency": "USD",
    "cik": "0001075531",
    "fillingDate": "2024-08-01",
    "acceptedDate": "2024-08-01 17:12:20",
    "calendarYear": "2024",
    "period": "Q2",
    "revenue": 5859000000,
    "costOfRevenue": 142000000,
    "grossProfit": 5717000000,
    "grossProfitRatio": 0.9757637822,
    "researchAndDevelopmentExpenses": 0,
    "generalAndAdministrativeExpenses": 919000000,
    "sellingAndMarketingExpenses": 2759000000,
    "sellingGeneralAndAdministrativeExpenses": 3861000000,
    "otherExpenses": 1000000,
    "operatingExpenses": 3861000000,
    "costAndExpenses": 4003000000,
    "interestIncome": 293000000,
    "interestExpense": 264000000,
    "depreciationAndAmortization": 142000000,
    "ebitda": 2016000000,
    "ebitdaratio": 0.3440860215,
    "operatingIncome": 1856000000,
    "operatingIncomeRatio": 0.3167776071,
    "totalOtherIncomeExpensesNet": 66000000,
    "incomeBeforeTax": 1922000000,
    "incomeBeforeTaxRatio": 0.328042328,
    "incomeTaxExpense": 401000000,
    "netIncome": 1521000000,
    "netIncomeRatio": 0.2596006144,
    "eps": 44.95,
    "epsdiluted": 44.39,
    "weightedAverageShsOut": 33839000,
    "weightedAverageShsOutDil": 34267000,
    "link": "https://www.sec.gov/Archives/edgar/data/1075531/000107553124000041/0001075531-24-000041-index.htm",
    "finalLink": "https://www.sec.gov/Archives/edgar/data/1075531/000107553124000041/bkng-20240630.htm"
  },
  {
    "date": "2024-03-31",
    "symbol": "BKNG",
    "reportedCurrency": "USD",
    "cik": "0001075531",
    "fillingDate": "2024-05-02",
    "acceptedDate": "2024-05-02 17:18:36",
    "calendarYear": "2024",
    "period": "Q1",
    "revenue": 4415000000,
    "costOfRevenue": 177000000,
    "grossProfit": 4238000000,
    "grossProfitRatio": 0.9599093998,
    "researchAndDevelopmentExpenses": 0,
    "generalAndAdministrativeExpenses": 1012000000,
    "sellingAndMarketingExpenses": 2288000000,
    "sellingGeneralAndAdministrativeExpenses": 3447000000,
    "otherExpenses": 2000000,
    "operatingExpenses": 3447000000,
    "costAndExpenses": 3624000000,
    "interestIncome": 243000000,
    "interestExpense": 219000000,
    "depreciationAndAmortization": 177000000,
    "ebitda": 1333000000,
    "ebitdaratio": 0.3019252548,
    "operatingIncome": 791000000,
    "operatingIncomeRatio": 0.1791619479,
    "totalOtherIncomeExpensesNet": 146000000,
    "incomeBeforeTax": 937000000,
    "incomeBeforeTaxRatio": 0.2122310306,
    "incomeTaxExpense": 161000000,
    "netIncome": 776000000,
    "netIncomeRatio": 0.1757644394,
    "eps": 22.69,
    "epsdiluted": 22.37,
    "weightedAverageShsOut": 34206000,
    "weightedAverageShsOutDil": 34706000,
    "link": "https://www.sec.gov/Archives/edgar/data/1075531/000107553124000027/0001075531-24-000027-index.htm",
    "finalLink": "https://www.sec.gov/Archives/edgar/data/1075531/000107553124000027/bkng-20240331.htm"
  },
  {
    "date": "2023-12-31",
    "symbol": "BKNG",
    "reportedCurrency": "USD",
    "cik": "0001075531",
    "fillingDate": "2024-02-22",
    "acceptedDate": "2024-02-22 17:21:32",
    "calendarYear": "2023",
    "period": "Q4",
    "revenue": 4784000000,
    "costOfRevenue": 175000000,
    "grossProfit": 4609000000,
    "grossProfitRatio": 0.9634197324,
    "researchAndDevelopmentExpenses": 0,
    "generalAndAdministrativeExpenses": 1607000000,
    "sellingAndMarketingExpenses": 2246000000,
    "sellingGeneralAndAdministrativeExpenses": 3999000000,
    "otherExpenses": -1000000,
    "operatingExpenses": 3999000000,
    "costAndExpenses": 4174000000,
    "interestIncome": 237000000,
    "interestExpense": 208000000,
    "depreciationAndAmortization": 175000000,
    "ebitda": 794000000,
    "ebitdaratio": 0.1659698997,
    "operatingIncome": 610000000,
    "operatingIncomeRatio": 0.1275083612,
    "totalOtherIncomeExpensesNet": -198000000,
    "incomeBeforeTax": 411000000,
    "incomeBeforeTaxRatio": 0.0859113712,
    "incomeTaxExpense": 189000000,
    "netIncome": 222000000,
    "netIncomeRatio": 0.0464046823,
    "eps": 6.39,
    "epsdiluted": 6.3,
    "weightedAverageShsOut": 34730000,
    "weightedAverageShsOutDil": 35222000,
    "link": "https://www.sec.gov/Archives/edgar/data/1075531/000107553124000014/0001075531-24-000014-index.htm",
    "finalLink": "https://www.sec.gov/Archives/edgar/data/1075531/000107553124000014/bkng-20231231.htm"
  },
  {
    "date": "2023-09-30",
    "symbol": "BKNG",
    "reportedCurrency": "USD",
    "cik": "0001075531",
    "fillingDate": "2023-11-02",
    "acceptedDate": "2023-11-02 17:18:59",
    "calendarYear": "2023",
    "period": "Q3",
    "revenue": 7341000000,
    "costOfRevenue": 169000000,
    "grossProfit": 7172000000,
    "grossProfitRatio": 0.9769786133,
    "researchAndDevelopmentExpenses": 0,
    "generalAndAdministrativeExpenses": 1175000000,
    "sellingAndMarketingExpenses": 2745000000,
    "sellingGeneralAndAdministrativeExpenses": 3920000000,
    "otherExpenses": -4000000,
    "operatingExpenses": 4236000000,
    "costAndExpenses": 4236000000,
    "interestIncome": 289000000,
    "interestExpense": 254000000,
    "depreciationAndAmortization": 169000000,
    "ebitda": 3572000000,
    "ebitdaratio": 0.4865822095,
    "operatingIncome": 3103000000,
    "operatingIncomeRatio": 0.4226944558,
    "totalOtherIncomeExpensesNet": 46000000,
    "incomeBeforeTax": 3149000000,
    "incomeBeforeTaxRatio": 0.4289606321,
    "incomeTaxExpense": 638000000,
    "netIncome": 2511000000,
    "netIncomeRatio": 0.3420514916,
    "eps": 70.59,
    "epsdiluted": 69.78,
    "weightedAverageShsOut": 35570000,
    "weightedAverageShsOutDil": 35987000,
    "link": "https://www.sec.gov/Archives/edgar/data/1075531/000107553123000061/0001075531-23-000061-index.htm",
    "finalLink": "https://www.sec.gov/Archives/edgar/data/1075531/000107553123000061/bkng-20230930.htm"
  },
  {
    "date": "2023-06-30",
    "symbol": "BKNG",
    "reportedCurrency": "USD",
    "cik": "0001075531",
    "fillingDate": "2023-08-03",
    "acceptedDate": "2023-08-03 17:10:57",
    "calendarYear": "2023",
    "period": "Q2",
    "revenue": 5462000000,
    "costOfRevenue": 160000000,
    "grossProfit": 5302000000,
    "grossProfitRatio": 0.9707067008,
    "researchAndDevelopmentExpenses": 0,
    "generalAndAdministrativeExpenses": 1056000000,
    "sellingAndMarketingExpenses": 2467000000,
    "sellingGeneralAndAdministrativeExpenses": 3523000000,
    "otherExpenses": 2000000,
    "operatingExpenses": 3788000000,
    "costAndExpenses": 3788000000,
    "interestIncome": 266000000,
    "interestExpense": 241000000,
    "depreciationAndAmortization": 160000000,
    "ebitda": 2019000000,
    "ebitdaratio": 0.3696448187,
    "operatingIncome": 1673000000,
    "operatingIncomeRatio": 0.3062980593,
    "totalOtherIncomeExpensesNet": -55000000,
    "incomeBeforeTax": 1618000000,
    "incomeBeforeTaxRatio": 0.2962284877,
    "incomeTaxExpense": 328000000,
    "netIncome": 1290000000,
    "netIncomeRatio": 0.2361772245,
    "eps": 35.17,
    "epsdiluted": 34.9,
    "weightedAverageShsOut": 36678000,
    "weightedAverageShsOutDil": 36964000,
    "link": "https://www.sec.gov/Archives/edgar/data/1075531/000107553123000047/0001075531-23-000047-index.htm",
    "finalLink": "https://www.sec.gov/Archives/edgar/data/1075531/000107553123000047/bkng-20230630.htm"
  },
  {
    "date": "2023-03-31",
    "symbol": "BKNG",
    "reportedCurrency": "USD",
    "cik": "0001075531",
    "fillingDate": "2023-05-04",
    "acceptedDate": "2023-05-04 17:14:10",
    "calendarYear": "2023",
    "period": "Q1",
    "revenue": 3778000000,
    "costOfRevenue": 161000000,
    "grossProfit": 3617000000,
    "grossProfitRatio": 0.9573848597,
    "researchAndDevelopmentExpenses": 0,
    "generalAndAdministrativeExpenses": 1148000000,
    "sellingAndMarketingExpenses": 2059000000,
    "sellingGeneralAndAdministrativeExpenses": 3207000000,
    "otherExpenses": 120000000,
    "operatingExpenses": 3327000000,
    "costAndExpenses": 3327000000,
    "interestIncome": 228000000,
    "interestExpense": 194000000,
    "depreciationAndAmortization": 161000000,
    "ebitda": 658000000,
    "ebitdaratio": 0.1741662255,
    "operatingIncome": 450000000,
    "operatingIncomeRatio": 0.1191106406,
    "totalOtherIncomeExpensesNet": -147000000,
    "incomeBeforeTax": 303000000,
    "incomeBeforeTaxRatio": 0.0802011646,
    "incomeTaxExpense": 37000000,
    "netIncome": 266000000,
    "netIncomeRatio": 0.0704076231,
    "eps": 7.07,
    "epsdiluted": 7,
    "weightedAverageShsOut": 37621000,
    "weightedAverageShsOutDil": 37983000,
    "link": "https://www.sec.gov/Archives/edgar/data/1075531/000107553123000031/0001075531-23-000031-index.htm",
    "finalLink": "https://www.sec.gov/Archives/edgar/data/1075531/000107553123000031/bkng-20230331.htm"
  },
  {
    "date": "2022-12-31",
    "symbol": "BKNG",
    "reportedCurrency": "USD",
    "cik": "0001075531",
    "fillingDate": "2023-02-23",
    "acceptedDate": "2023-02-23 17:20:46",
    "calendarYear": "2022",
    "period": "Q4",
    "revenue": 4049000000,
    "costOfRevenue": 163000000,
    "grossProfit": 3886000000,
    "grossProfitRatio": 0.9597431465,
    "researchAndDevelopmentExpenses": 0,
    "generalAndAdministrativeExpenses": 1031000000,
    "sellingAndMarketingExpenses": 1788000000,
    "sellingGeneralAndAdministrativeExpenses": 2819000000,
    "otherExpenses": 124000000,
    "operatingExpenses": 2943000000,
    "costAndExpenses": 2943000000,
    "interestIncome": 131000000,
    "interestExpense": 145000000,
    "depreciationAndAmortization": 163000000,
    "ebitda": 1760000000,
    "ebitdaratio": 0.4346752285,
    "operatingIncome": 1345000000,
    "operatingIncomeRatio": 0.3321807854,
    "totalOtherIncomeExpensesNet": 107000000,
    "incomeBeforeTax": 1452000000,
    "incomeBeforeTaxRatio": 0.3586070635,
    "incomeTaxExpense": 217000000,
    "netIncome": 1235000000,
    "netIncomeRatio": 0.3050135836,
    "eps": 32.06,
    "epsdiluted": 31.9,
    "weightedAverageShsOut": 38524000,
    "weightedAverageShsOutDil": 38709000,
    "link": "https://www.sec.gov/Archives/edgar/data/1075531/000107553123000016/0001075531-23-000016-index.htm",
    "finalLink": "https://www.sec.gov/Archives/edgar/data/1075531/000107553123000016/bkng-20221231.htm"
  },
  {
    "date": "2022-09-30",
    "symbol": "BKNG",
    "reportedCurrency": "USD",
    "cik": "0001075531",
    "fillingDate": "2022-11-02",
    "acceptedDate": "2022-11-02 17:13:13",
    "calendarYear": "2022",
    "period": "Q3",
    "revenue": 6052000000,
    "costOfRevenue": 145000000,
    "grossProfit": 5907000000,
    "grossProfitRatio": 0.9760409782,
    "researchAndDevelopmentExpenses": 0,
    "generalAndAdministrativeExpenses": 1027000000,
    "sellingAndMarketingExpenses": 2335000000,
    "sellingGeneralAndAdministrativeExpenses": 3362000000,
    "otherExpenses": 109000000,
    "operatingExpenses": 3471000000,
    "costAndExpenses": 3471000000,
    "interestIncome": 61000000,
    "interestExpense": 102000000,
    "depreciationAndAmortization": 145000000,
    "ebitda": 2423000000,
    "ebitdaratio": 0.4003635162,
    "operatingIncome": 2583000000,
    "operatingIncomeRatio": 0.4268010575,
    "totalOtherIncomeExpensesNet": -407000000,
    "incomeBeforeTax": 2176000000,
    "incomeBeforeTaxRatio": 0.3595505618,
    "incomeTaxExpense": 510000000,
    "netIncome": 1666000000,
    "netIncomeRatio": 0.2752808989,
    "eps": 42.11,
    "epsdiluted": 42,
    "weightedAverageShsOut": 39564000,
    "weightedAverageShsOutDil": 39671000,
    "link": "https://www.sec.gov/Archives/edgar/data/1075531/000107553122000043/0001075531-22-000043-index.htm",
    "finalLink": "https://www.sec.gov/Archives/edgar/data/1075531/000107553122000043/bkng-20220930.htm"
  },
  {
    "date": "2022-06-30",
    "symbol": "BKNG",
    "reportedCurrency": "USD",
    "cik": "0001075531",
    "fillingDate": "2022-08-03",
    "acceptedDate": "2022-08-03 17:13:54",
    "calendarYear": "2022",
    "period": "Q2",
    "revenue": 4294000000,
    "costOfRevenue": 149000000,
    "grossProfit": 4145000000,
    "grossProfitRatio": 0.9653004192,
    "researchAndDevelopmentExpenses": 0,
    "generalAndAdministrativeExpenses": 979000000,
    "sellingAndMarketingExpenses": 2202000000,
    "sellingGeneralAndAdministrativeExpenses": 3181000000,
    "otherExpenses": 107000000,
    "operatingExpenses": 3288000000,
    "costAndExpenses": 3288000000,
    "interestIncome": 24000000,
    "interestExpense": 76000000,
    "depreciationAndAmortization": 149000000,
    "ebitda": 1369000000,
    "ebitdaratio": 0.3188169539,
    "operatingIncome": 1000000000,
    "operatingIncomeRatio": 0.2328830927,
    "totalOtherIncomeExpensesNet": 144000000,
    "incomeBeforeTax": 1144000000,
    "incomeBeforeTaxRatio": 0.266418258,
    "incomeTaxExpense": 287000000,
    "netIncome": 857000000,
    "netIncomeRatio": 0.1995808104,
    "eps": 21.15,
    "epsdiluted": 21.07,
    "weightedAverageShsOut": 40512000,
    "weightedAverageShsOutDil": 40665000,
    "link": "https://www.sec.gov/Archives/edgar/data/1075531/000107553122000032/0001075531-22-000032-index.htm",
    "finalLink": "https://www.sec.gov/Archives/edgar/data/1075531/000107553122000032/bkng-20220630.htm"
  },
  {
    "date": "2022-03-31",
    "symbol": "BKNG",
    "reportedCurrency": "USD",
    "cik": "0001075531",
    "fillingDate": "2022-05-04",
    "acceptedDate": "2022-05-04 17:24:02",
    "calendarYear": "2022",
    "period": "Q1",
    "revenue": 2695000000,
    "costOfRevenue": 150000000,
    "grossProfit": 2545000000,
    "grossProfitRatio": 0.9443413729,
    "researchAndDevelopmentExpenses": 0,
    "generalAndAdministrativeExpenses": 888000000,
    "sellingAndMarketingExpenses": 1486000000,
    "sellingGeneralAndAdministrativeExpenses": 2374000000,
    "otherExpenses": 111000000,
    "operatingExpenses": 2485000000,
    "costAndExpenses": 2485000000,
    "interestIncome": 3000000,
    "interestExpense": 68000000,
    "depreciationAndAmortization": 150000000,
    "ebitda": -631000000,
    "ebitdaratio": -0.2341372913,
    "operatingIncome": 174000000,
    "operatingIncomeRatio": 0.0645640074,
    "totalOtherIncomeExpensesNet": -1023000000,
    "incomeBeforeTax": -849000000,
    "incomeBeforeTaxRatio": -0.3150278293,
    "incomeTaxExpense": -149000000,
    "netIncome": -700000000,
    "netIncomeRatio": -0.2597402597,
    "eps": -17.11,
    "epsdiluted": -17.11,
    "weightedAverageShsOut": 40921000,
    "weightedAverageShsOutDil": 40921000,
    "link": "https://www.sec.gov/Archives/edgar/data/1075531/000107553122000022/0001075531-22-000022-index.htm",
    "finalLink": "https://www.sec.gov/Archives/edgar/data/1075531/000107553122000022/bkng-20220331.htm"
  },
  {
    "date": "2021-12-31",
    "symbol": "BKNG",
    "reportedCurrency": "USD",
    "cik": "0001075531",
    "fillingDate": "2022-02-23",
    "acceptedDate": "2022-02-23 17:19:51",
    "calendarYear": "2021",
    "period": "Q4",
    "revenue": 2981000000,
    "costOfRevenue": 141000000,
    "grossProfit": 2840000000,
    "grossProfitRatio": 0.9527004361,
    "researchAndDevelopmentExpenses": 0,
    "generalAndAdministrativeExpenses": 796000000,
    "sellingAndMarketingExpenses": 1235000000,
    "sellingGeneralAndAdministrativeExpenses": 2031000000,
    "otherExpenses": 43000000,
    "operatingExpenses": 2129000000,
    "costAndExpenses": 2129000000,
    "interestIncome": 4000000,
    "interestExpense": 75000000,
    "depreciationAndAmortization": 141000000,
    "ebitda": 1032000000,
    "ebitdaratio": 0.3461925528,
    "operatingIncome": 848000000,
    "operatingIncomeRatio": 0.2844682992,
    "totalOtherIncomeExpensesNet": -32000000,
    "incomeBeforeTax": 816000000,
    "incomeBeforeTaxRatio": 0.2737336464,
    "incomeTaxExpense": 198000000,
    "netIncome": 618000000,
    "netIncomeRatio": 0.2073129822,
    "eps": 15.05,
    "epsdiluted": 14.94,
    "weightedAverageShsOut": 41072000,
    "weightedAverageShsOutDil": 41371000,
    "link": "https://www.sec.gov/Archives/edgar/data/1075531/000107553122000008/0001075531-22-000008-index.htm",
    "finalLink": "https://www.sec.gov/Archives/edgar/data/1075531/000107553122000008/bkng-20211231.htm"
  },
  {
    "date": "2021-09-30",
    "symbol": "BKNG",
    "reportedCurrency": "USD",
    "cik": "0001075531",
    "fillingDate": "2021-11-03",
    "acceptedDate": "2021-11-03 17:24:02",
    "calendarYear": "2021",
    "period": "Q3",
    "revenue": 4676000000,
    "costOfRevenue": 146000000,
    "grossProfit": 4530000000,
    "grossProfitRatio": 0.9687767322,
    "researchAndDevelopmentExpenses": 0,
    "generalAndAdministrativeExpenses": 879000000,
    "sellingAndMarketingExpenses": 1680000000,
    "sellingGeneralAndAdministrativeExpenses": 2559000000,
    "otherExpenses": 102000000,
    "operatingExpenses": 2661000000,
    "costAndExpenses": 2661000000,
    "interestIncome": 4000000,
    "interestExpense": 80000000,
    "depreciationAndAmortization": 146000000,
    "ebitda": 1194000000,
    "ebitdaratio": 0.25534645,
    "operatingIncome": 2015000000,
    "operatingIncomeRatio": 0.4309238666,
    "totalOtherIncomeExpensesNet": -1047000000,
    "incomeBeforeTax": 968000000,
    "incomeBeforeTaxRatio": 0.2070145423,
    "incomeTaxExpense": 199000000,
    "netIncome": 769000000,
    "netIncomeRatio": 0.1644568007,
    "eps": 18.73,
    "epsdiluted": 18.6,
    "weightedAverageShsOut": 41068000,
    "weightedAverageShsOutDil": 41342000,
    "link": "https://www.sec.gov/Archives/edgar/data/1075531/000107553121000053/0001075531-21-000053-index.htm",
    "finalLink": "https://www.sec.gov/Archives/edgar/data/1075531/000107553121000053/bkng-20210930.htm"
  },
  {
    "date": "2021-06-30",
    "symbol": "BKNG",
    "reportedCurrency": "USD",
    "cik": "0001075531",
    "fillingDate": "2021-08-04",
    "acceptedDate": "2021-08-04 17:26:39",
    "calendarYear": "2021",
    "period": "Q2",
    "revenue": 2160000000,
    "costOfRevenue": 154000000,
    "grossProfit": 2006000000,
    "grossProfitRatio": 0.9287037037,
    "researchAndDevelopmentExpenses": 0,
    "generalAndAdministrativeExpenses": 913000000,
    "sellingAndMarketingExpenses": 1194000000,
    "sellingGeneralAndAdministrativeExpenses": 2107000000,
    "otherExpenses": -16000000,
    "operatingExpenses": 2215000000,
    "costAndExpenses": 2215000000,
    "interestIncome": 4000000,
    "interestExpense": 81000000,
    "depreciationAndAmortization": 154000000,
    "ebitda": 194000000,
    "ebitdaratio": 0.0898148148,
    "operatingIncome": -56000000,
    "operatingIncomeRatio": -0.0259259259,
    "totalOtherIncomeExpensesNet": 15000000,
    "incomeBeforeTax": -41000000,
    "incomeBeforeTaxRatio": -0.0189814815,
    "incomeTaxExpense": 126000000,
    "netIncome": -167000000,
    "netIncomeRatio": -0.0773148148,
    "eps": -4.08,
    "epsdiluted": -4.07,
    "weightedAverageShsOut": 40931372,
    "weightedAverageShsOutDil": 41054000,
    "link": "https://www.sec.gov/Archives/edgar/data/1075531/000107553121000044/0001075531-21-000044-index.htm",
    "finalLink": "https://www.sec.gov/Archives/edgar/data/1075531/000107553121000044/bkng-20210630.htm"
  },
  {
    "date": "2021-03-31",
    "symbol": "BKNG",
    "reportedCurrency": "USD",
    "cik": "0001075531",
    "fillingDate": "2021-05-05",
    "acceptedDate": "2021-05-05 17:19:02",
    "calendarYear": "2021",
    "period": "Q1",
    "revenue": 1141000000,
    "costOfRevenue": 158000000,
    "grossProfit": 983000000,
    "grossProfitRatio": 0.8615249781,
    "researchAndDevelopmentExpenses": 0,
    "generalAndAdministrativeExpenses": 758000000,
    "sellingAndMarketingExpenses": 573000000,
    "sellingGeneralAndAdministrativeExpenses": 1331000000,
    "otherExpenses": 7000000,
    "operatingExpenses": 1444000000,
    "costAndExpenses": 1444000000,
    "interestIncome": 4000000,
    "interestExpense": 98000000,
    "depreciationAndAmortization": 158000000,
    "ebitda": -22000000,
    "ebitdaratio": -0.0192813322,
    "operatingIncome": -311000000,
    "operatingIncomeRatio": -0.2725679229,
    "totalOtherIncomeExpensesNet": 33000000,
    "incomeBeforeTax": -278000000,
    "incomeBeforeTaxRatio": -0.2436459246,
    "incomeTaxExpense": -223000000,
    "netIncome": -55000000,
    "netIncomeRatio": -0.0482033304,
    "eps": -1.34,
    "epsdiluted": -1.34,
    "weightedAverageShsOut": 40973000,
    "weightedAverageShsOutDil": 40973000,
    "link": "https://www.sec.gov/Archives/edgar/data/1075531/000107553121000030/0001075531-21-000030-index.htm",
    "finalLink": "https://www.sec.gov/Archives/edgar/data/1075531/000107553121000030/bkng-20210331.htm"
  },
  {
    "date": "2020-12-31",
    "symbol": "BKNG",
    "reportedCurrency": "USD",
    "cik": "0001075531",
    "fillingDate": "2021-02-24",
    "acceptedDate": "2021-02-24 17:20:19",
    "calendarYear": "2020",
    "period": "Q4",
    "revenue": 1238000000,
    "costOfRevenue": 568000000,
    "grossProfit": 670000000,
    "grossProfitRatio": 0.5411954766,
    "researchAndDevelopmentExpenses": 0,
    "generalAndAdministrativeExpenses": 699000000,
    "sellingAndMarketingExpenses": 504000000,
    "sellingGeneralAndAdministrativeExpenses": 1203000000,
    "otherExpenses": 496000000,
    "operatingExpenses": 1317000000,
    "costAndExpenses": 1317000000,
    "interestIncome": 5000000,
    "interestExpense": 98000000,
    "depreciationAndAmortization": 161000000,
    "ebitda": 504000000,
    "ebitdaratio": 0.4071082391,
    "operatingIncome": -153000000,
    "operatingIncomeRatio": -0.1235864297,
    "totalOtherIncomeExpensesNet": 398000000,
    "incomeBeforeTax": 245000000,
    "incomeBeforeTaxRatio": 0.1978998384,
    "incomeTaxExpense": 410000000,
    "netIncome": -165000000,
    "netIncomeRatio": -0.133279483,
    "eps": -4.03,
    "epsdiluted": -4.03,
    "weightedAverageShsOut": 40944000,
    "weightedAverageShsOutDil": 40944000,
    "link": "https://www.sec.gov/Archives/edgar/data/1075531/000107553121000019/0001075531-21-000019-index.htm",
    "finalLink": "https://www.sec.gov/Archives/edgar/data/1075531/000107553121000019/bkng-20201231.htm"
  },
  {
    "date": "2020-09-30",
    "symbol": "BKNG",
    "reportedCurrency": "USD",
    "cik": "0001075531",
    "fillingDate": "2020-11-05",
    "acceptedDate": "2020-11-05 17:22:29",
    "calendarYear": "2020",
    "period": "Q3",
    "revenue": 2640000000,
    "costOfRevenue": 539000000,
    "grossProfit": 2101000000,
    "grossProfitRatio": 0.7958333333,
    "researchAndDevelopmentExpenses": 0,
    "generalAndAdministrativeExpenses": 736000000,
    "sellingAndMarketingExpenses": 860000000,
    "sellingGeneralAndAdministrativeExpenses": 1596000000,
    "otherExpenses": 115000000,
    "operatingExpenses": 1711000000,
    "costAndExpenses": 1711000000,
    "interestIncome": 5000000,
    "interestExpense": 98000000,
    "depreciationAndAmortization": 115000000,
    "ebitda": 1049000000,
    "ebitdaratio": 0.3973484848,
    "operatingIncome": 315000000,
    "operatingIncomeRatio": 0.1193181818,
    "totalOtherIncomeExpensesNet": 520000000,
    "incomeBeforeTax": 835000000,
    "incomeBeforeTaxRatio": 0.3162878788,
    "incomeTaxExpense": 34000000,
    "netIncome": 801000000,
    "netIncomeRatio": 0.3034090909,
    "eps": 19.56,
    "epsdiluted": 19.49,
    "weightedAverageShsOut": 40935000,
    "weightedAverageShsOutDil": 41081000,
    "link": "https://www.sec.gov/Archives/edgar/data/1075531/000107553120000073/0001075531-20-000073-index.htm",
    "finalLink": "https://www.sec.gov/Archives/edgar/data/1075531/000107553120000073/bkng-20200930.htm"
  },
  {
    "date": "2020-06-30",
    "symbol": "BKNG",
    "reportedCurrency": "USD",
    "cik": "0001075531",
    "fillingDate": "2020-08-06",
    "acceptedDate": "2020-08-06 17:18:22",
    "calendarYear": "2020",
    "period": "Q2",
    "revenue": 630000000,
    "costOfRevenue": 452000000,
    "grossProfit": 178000000,
    "grossProfitRatio": 0.2825396825,
    "researchAndDevelopmentExpenses": 0,
    "generalAndAdministrativeExpenses": 626000000,
    "sellingAndMarketingExpenses": 342000000,
    "sellingGeneralAndAdministrativeExpenses": 968000000,
    "otherExpenses": 112000000,
    "operatingExpenses": 1080000000,
    "costAndExpenses": 1080000000,
    "interestIncome": 12000000,
    "interestExpense": 96000000,
    "depreciationAndAmortization": 157000000,
    "ebitda": 462000000,
    "ebitdaratio": 0.7333333333,
    "operatingIncome": -484000000,
    "operatingIncomeRatio": -0.7682539683,
    "totalOtherIncomeExpensesNet": 693000000,
    "incomeBeforeTax": 209000000,
    "incomeBeforeTaxRatio": 0.3317460317,
    "incomeTaxExpense": 87000000,
    "netIncome": 122000000,
    "netIncomeRatio": 0.1936507937,
    "eps": 2.98,
    "epsdiluted": 2.97,
    "weightedAverageShsOut": 40922000,
    "weightedAverageShsOutDil": 40995000,
    "link": "https://www.sec.gov/Archives/edgar/data/1075531/000107553120000050/0001075531-20-000050-index.htm",
    "finalLink": "https://www.sec.gov/Archives/edgar/data/1075531/000107553120000050/bkng-20200630.htm"
  },
  {
    "date": "2020-03-31",
    "symbol": "BKNG",
    "reportedCurrency": "USD",
    "cik": "0001075531",
    "fillingDate": "2020-05-07",
    "acceptedDate": "2020-05-07 17:24:09",
    "calendarYear": "2020",
    "period": "Q1",
    "revenue": 2288000000,
    "costOfRevenue": 484000000,
    "grossProfit": 1804000000,
    "grossProfitRatio": 0.7884615385,
    "researchAndDevelopmentExpenses": 0,
    "generalAndAdministrativeExpenses": 763000000,
    "sellingAndMarketingExpenses": 1228000000,
    "sellingGeneralAndAdministrativeExpenses": 1991000000,
    "otherExpenses": 117000000,
    "operatingExpenses": 2108000000,
    "costAndExpenses": 2108000000,
    "interestIncome": 32000000,
    "interestExpense": 64000000,
    "depreciationAndAmortization": 163000000,
    "ebitda": -495000000,
    "ebitdaratio": -0.2163461538,
    "operatingIncome": -309000000,
    "operatingIncomeRatio": -0.1350524476,
    "totalOtherIncomeExpensesNet": -413000000,
    "incomeBeforeTax": -722000000,
    "incomeBeforeTaxRatio": -0.3155594406,
    "incomeTaxExpense": -23000000,
    "netIncome": -699000000,
    "netIncomeRatio": -0.305506993,
    "eps": -17.01,
    "epsdiluted": -17.01,
    "weightedAverageShsOut": 41093000,
    "weightedAverageShsOutDil": 41093000,
    "link": "https://www.sec.gov/Archives/edgar/data/1075531/000107553120000027/0001075531-20-000027-index.htm",
    "finalLink": "https://www.sec.gov/Archives/edgar/data/1075531/000107553120000027/bkng3312010q.htm"
  }
]