[
  {
    "date": "2024-12-31",
    "symbol": "BUD",
    "reportedCurrency": "USD",
    "cik": "0001668717",
    "fillingDate": "2025-03-12",
    "acceptedDate": "2025-03-12 16:37:47",
    "calendarYear": "2024",
    "period": "Q4",
    "revenue": 14841000000,
    "costOfRevenue": 6644000000,
    "grossProfit": 8197000000,
    "grossProfitRatio": 0.5523212722,
    "researchAndDevelopmentExpenses": 0,
    "generalAndAdministrativeExpenses": 4983000000,
    "sellingAndMarketingExpenses": -359000000,
    "sellingGeneralAndAdministrativeExpenses": 4624000000,
    "otherExpenses": -276000000,
    "operatingExpenses": 4348000000,
    "costAndExpenses": 10992000000,
    "interestIncome": 0,
    "interestExpense": 1431920828,
    "depreciationAndAmortization": 2953773880,
    "ebitda": 9971484963,
    "ebitdaratio": 0.6718876735,
    "operatingIncome": 3849000000,
    "operatingIncomeRatio": 0.2593491005,
    "totalOtherIncomeExpensesNet": -1310000000,
    "incomeBeforeTax": 2539000000,
    "incomeBeforeTaxRatio": 0.1710801159,
    "incomeTaxExpense": 848000000,
    "netIncome": 1220000000,
    "netIncomeRatio": 0.0822047032,
    "eps": 0.6,
    "epsdiluted": 0,
    "weightedAverageShsOut": 2018153455,
    "weightedAverageShsOutDil": 0,
    "link": "https://www.sec.gov/Archives/edgar/data/1668717/000119312525052976/0001193125-25-052976-index.htm",
    "finalLink": "https://www.sec.gov/Archives/edgar/data/1668717/000119312525052976/d899194d20f.htm"
  },
  {
    "date": "2024-09-30",
    "symbol": "BUD",
    "reportedCurrency": "USD",
    "cik": "0001668717",
    "fillingDate": "2024-09-30",
    "acceptedDate": "2024-09-29 20:00:00",
    "calendarYear": "2024",
    "period": "Q3",
    "revenue": 15046000000,
    "costOfRevenue": 6680000000,
    "grossProfit": 8366000000,
    "grossProfitRatio": 0.5560281802,
    "researchAndDevelopmentExpenses": 0,
    "generalAndAdministrativeExpenses": 0,
    "sellingAndMarketingExpenses": 0,
    "sellingGeneralAndAdministrativeExpenses": 4490000000,
    "otherExpenses": -215000000,
    "operatingExpenses": 4275000000,
    "costAndExpenses": 10955000000,
    "interestIncome": 34000000,
    "interestExpense": 904000000,
    "depreciationAndAmortization": 61000000,
    "ebitda": 4152000000,
    "ebitdaratio": 0.2759537419,
    "operatingIncome": 4091000000,
    "operatingIncomeRatio": 0.2718995082,
    "totalOtherIncomeExpensesNet": -843000000,
    "incomeBeforeTax": 3248000000,
    "incomeBeforeTaxRatio": 0.2158713279,
    "incomeTaxExpense": 758000000,
    "netIncome": 2071000000,
    "netIncomeRatio": 0.1376445567,
    "eps": 1.03,
    "epsdiluted": 1.01,
    "weightedAverageShsOut": 2005000000,
    "weightedAverageShsOutDil": 2043000000,
    "link": "",
    "finalLink": ""
  },
  {
    "date": "2024-06-30",
    "symbol": "BUD",
    "reportedCurrency": "USD",
    "cik": "0001668717",
    "fillingDate": "2024-06-30",
    "acceptedDate": "2024-06-29 20:00:00",
    "calendarYear": "2024",
    "period": "Q2",
    "revenue": 15333000000,
    "costOfRevenue": 6766000000,
    "grossProfit": 8567000000,
    "grossProfitRatio": 0.5587295376,
    "researchAndDevelopmentExpenses": 0,
    "generalAndAdministrativeExpenses": 2517000000,
    "sellingAndMarketingExpenses": 6731000000,
    "sellingGeneralAndAdministrativeExpenses": 4813000000,
    "otherExpenses": -90000000,
    "operatingExpenses": 4662000000,
    "costAndExpenses": 11428000000,
    "interestIncome": 25000000,
    "interestExpense": 960000000,
    "depreciationAndAmortization": -221000000,
    "ebitda": 3684000000,
    "ebitdaratio": 0.2402660927,
    "operatingIncome": 3905000000,
    "operatingIncomeRatio": 0.2546794496,
    "totalOtherIncomeExpensesNet": -1402000000,
    "incomeBeforeTax": 2503000000,
    "incomeBeforeTaxRatio": 0.1632426792,
    "incomeTaxExpense": 752000000,
    "netIncome": 1472000000,
    "netIncomeRatio": 0.096002087,
    "eps": 1.18,
    "epsdiluted": 1.16,
    "weightedAverageShsOut": 2005000000,
    "weightedAverageShsOutDil": 2043000000,
    "link": "",
    "finalLink": ""
  },
  {
    "date": "2024-03-31",
    "symbol": "BUD",
    "reportedCurrency": "USD",
    "cik": "0001668717",
    "fillingDate": "2024-03-31",
    "acceptedDate": "2024-03-30 20:00:00",
    "calendarYear": "2024",
    "period": "Q1",
    "revenue": 14547000000,
    "costOfRevenue": 6653000000,
    "grossProfit": 7894000000,
    "grossProfitRatio": 0.5426548429,
    "researchAndDevelopmentExpenses": 0,
    "generalAndAdministrativeExpenses": 0,
    "sellingAndMarketingExpenses": 0,
    "sellingGeneralAndAdministrativeExpenses": 4435000000,
    "otherExpenses": 0,
    "operatingExpenses": 4252000000,
    "costAndExpenses": 10905000000,
    "interestIncome": 36000000,
    "interestExpense": 927000000,
    "depreciationAndAmortization": 957250000,
    "ebitda": 4577250000,
    "ebitdaratio": 0.3146525057,
    "operatingIncome": 3642000000,
    "operatingIncomeRatio": 0.2503608992,
    "totalOtherIncomeExpensesNet": -1364000000,
    "incomeBeforeTax": 2278000000,
    "incomeBeforeTaxRatio": 0.1565958617,
    "incomeTaxExpense": 794000000,
    "netIncome": 1091000000,
    "netIncomeRatio": 0.0749982814,
    "eps": 0.54,
    "epsdiluted": 0.54,
    "weightedAverageShsOut": 2007000000,
    "weightedAverageShsOutDil": 2007000000,
    "link": "",
    "finalLink": ""
  },
  {
    "date": "2023-12-31",
    "symbol": "BUD",
    "reportedCurrency": "USD",
    "cik": "0001668717",
    "fillingDate": "2023-12-31",
    "acceptedDate": "2023-12-30 19:00:00",
    "calendarYear": "2023",
    "period": "Q4",
    "revenue": 14473000000,
    "costOfRevenue": 6679000000,
    "grossProfit": 7794000000,
    "grossProfitRatio": 0.5385200028,
    "researchAndDevelopmentExpenses": 256000000,
    "generalAndAdministrativeExpenses": 4738000000,
    "sellingAndMarketingExpenses": 13435000000,
    "sellingGeneralAndAdministrativeExpenses": 4537000000,
    "otherExpenses": -12000000,
    "operatingExpenses": 4303000000,
    "costAndExpenses": 10982000000,
    "interestIncome": 61000000,
    "interestExpense": 966000000,
    "depreciationAndAmortization": 957250000,
    "ebitda": 3612000000,
    "ebitdaratio": 0.2495681614,
    "operatingIncome": 3215000000,
    "operatingIncomeRatio": 0.2221377738,
    "totalOtherIncomeExpensesNet": -569000000,
    "incomeBeforeTax": 2646000000,
    "incomeBeforeTaxRatio": 0.182823188,
    "incomeTaxExpense": 376000000,
    "netIncome": 1891000000,
    "netIncomeRatio": 0.1306570856,
    "eps": 0.94,
    "epsdiluted": 0.94,
    "weightedAverageShsOut": 1983827782,
    "weightedAverageShsOutDil": 2016000000,
    "link": "",
    "finalLink": ""
  },
  {
    "date": "2023-09-30",
    "symbol": "BUD",
    "reportedCurrency": "USD",
    "cik": "0001668717",
    "fillingDate": "2023-09-30",
    "acceptedDate": "2023-09-29 20:00:00",
    "calendarYear": "2023",
    "period": "Q3",
    "revenue": 15574000000,
    "costOfRevenue": 7180000000,
    "grossProfit": 8394000000,
    "grossProfitRatio": 0.5389752151,
    "researchAndDevelopmentExpenses": 0,
    "generalAndAdministrativeExpenses": 0,
    "sellingAndMarketingExpenses": 0,
    "sellingGeneralAndAdministrativeExpenses": 4583000000,
    "otherExpenses": 0,
    "operatingExpenses": 4366000000,
    "costAndExpenses": 11546000000,
    "interestIncome": 29000000,
    "interestExpense": 1005000000,
    "depreciationAndAmortization": 948750000,
    "ebitda": 4954750000,
    "ebitdaratio": 0.3181424168,
    "operatingIncome": 4027000000,
    "operatingIncomeRatio": 0.2585719789,
    "totalOtherIncomeExpensesNet": -1395000000,
    "incomeBeforeTax": 2632000000,
    "incomeBeforeTaxRatio": 0.1689996147,
    "incomeTaxExpense": 666000000,
    "netIncome": 1472000000,
    "netIncomeRatio": 0.0945165019,
    "eps": 0.73,
    "epsdiluted": 0.73,
    "weightedAverageShsOut": 2016000000,
    "weightedAverageShsOutDil": 2016000000,
    "link": "",
    "finalLink": ""
  },
  {
    "date": "2023-06-30",
    "symbol": "BUD",
    "reportedCurrency": "USD",
    "cik": "0001668717",
    "fillingDate": "2023-06-30",
    "acceptedDate": "2023-06-29 20:00:00",
    "calendarYear": "2023",
    "period": "Q2",
    "revenue": 15120000000,
    "costOfRevenue": 7020000000,
    "grossProfit": 8100000000,
    "grossProfitRatio": 0.5357142857,
    "researchAndDevelopmentExpenses": 0,
    "generalAndAdministrativeExpenses": 2350000000,
    "sellingAndMarketingExpenses": 6701000000,
    "sellingGeneralAndAdministrativeExpenses": 4707000000,
    "otherExpenses": -9299000000,
    "operatingExpenses": -4592000000,
    "costAndExpenses": 2428000000,
    "interestIncome": 272000000,
    "interestExpense": 1272000000,
    "depreciationAndAmortization": 894500000,
    "ebitda": 2474000000,
    "ebitdaratio": 0.1636243386,
    "operatingIncome": 3508000000,
    "operatingIncomeRatio": 0.232010582,
    "totalOtherIncomeExpensesNet": -2367000000,
    "incomeBeforeTax": 1202000000,
    "incomeBeforeTaxRatio": 0.0794973545,
    "incomeTaxExpense": 595000000,
    "netIncome": 339000000,
    "netIncomeRatio": 0.0224206349,
    "eps": 0.17,
    "epsdiluted": 0.17,
    "weightedAverageShsOut": 2016000000,
    "weightedAverageShsOutDil": 2017000000,
    "link": "",
    "finalLink": ""
  },
  {
    "date": "2023-03-31",
    "symbol": "BUD",
    "reportedCurrency": "USD",
    "cik": "0001668717",
    "fillingDate": "2023-03-31",
    "acceptedDate": "2023-03-30 20:00:00",
    "calendarYear": "2023",
    "period": "Q1",
    "revenue": 14213000000,
    "costOfRevenue": 6517000000,
    "grossProfit": 7696000000,
    "grossProfitRatio": 0.5414761134,
    "researchAndDevelopmentExpenses": 0,
    "generalAndAdministrativeExpenses": 0,
    "sellingAndMarketingExpenses": 0,
    "sellingGeneralAndAdministrativeExpenses": 4344000000,
    "otherExpenses": -8583000000,
    "operatingExpenses": -4239000000,
    "costAndExpenses": 2278000000,
    "interestIncome": 31000000,
    "interestExpense": 1010000000,
    "depreciationAndAmortization": 948750000,
    "ebitda": 4431750000,
    "ebitdaratio": 0.3118096109,
    "operatingIncome": 3457000000,
    "operatingIncomeRatio": 0.2432280307,
    "totalOtherIncomeExpensesNet": -856000000,
    "incomeBeforeTax": 2645000000,
    "incomeBeforeTaxRatio": 0.1860972349,
    "incomeTaxExpense": 597000000,
    "netIncome": 1639000000,
    "netIncomeRatio": 0.1153169633,
    "eps": 0.81,
    "epsdiluted": 0.81,
    "weightedAverageShsOut": 2015000000,
    "weightedAverageShsOutDil": 2015000000,
    "link": "",
    "finalLink": ""
  },
  {
    "date": "2022-12-31",
    "symbol": "BUD",
    "reportedCurrency": "USD",
    "cik": "0001668717",
    "fillingDate": "2022-12-31",
    "acceptedDate": "2022-12-30 19:00:00",
    "calendarYear": "2022",
    "period": "Q4",
    "revenue": 14668000000,
    "costOfRevenue": 6661000000,
    "grossProfit": 8007000000,
    "grossProfitRatio": 0.5458821925,
    "researchAndDevelopmentExpenses": 268000000,
    "generalAndAdministrativeExpenses": 4414000000,
    "sellingAndMarketingExpenses": 13141000000,
    "sellingGeneralAndAdministrativeExpenses": 4592000000,
    "otherExpenses": 310000000,
    "operatingExpenses": 4902000000,
    "costAndExpenses": 11563000000,
    "interestIncome": 316000000,
    "interestExpense": 1328000000,
    "depreciationAndAmortization": 1068250000,
    "ebitda": 4328000000,
    "ebitdaratio": 0.2950640851,
    "operatingIncome": 3158000000,
    "operatingIncomeRatio": 0.2152986092,
    "totalOtherIncomeExpensesNet": -314000000,
    "incomeBeforeTax": 3292000000,
    "incomeBeforeTaxRatio": 0.2244341424,
    "incomeTaxExpense": -5000000,
    "netIncome": 2844000000,
    "netIncomeRatio": 0.1938914644,
    "eps": 1.41,
    "epsdiluted": 1.41,
    "weightedAverageShsOut": 1983786137,
    "weightedAverageShsOutDil": 2012000000,
    "link": "",
    "finalLink": ""
  },
  {
    "date": "2022-09-30",
    "symbol": "BUD",
    "reportedCurrency": "USD",
    "cik": "0001668717",
    "fillingDate": "2022-09-30",
    "acceptedDate": "2022-09-29 20:00:00",
    "calendarYear": "2022",
    "period": "Q3",
    "revenue": 15091000000,
    "costOfRevenue": 6860000000,
    "grossProfit": 8231000000,
    "grossProfitRatio": 0.5454244252,
    "researchAndDevelopmentExpenses": 0,
    "generalAndAdministrativeExpenses": 0,
    "sellingAndMarketingExpenses": 0,
    "sellingGeneralAndAdministrativeExpenses": 4347000000,
    "otherExpenses": -170000000,
    "operatingExpenses": 4177000000,
    "costAndExpenses": 11037000000,
    "interestIncome": 34000000,
    "interestExpense": 1059000000,
    "depreciationAndAmortization": 935750000,
    "ebitda": 4971750000,
    "ebitdaratio": 0.3294513286,
    "operatingIncome": 4693000000,
    "operatingIncomeRatio": 0.3109800543,
    "totalOtherIncomeExpensesNet": -1540000000,
    "incomeBeforeTax": 2515000000,
    "incomeBeforeTaxRatio": 0.1666556226,
    "incomeTaxExpense": 688000000,
    "netIncome": 1433000000,
    "netIncomeRatio": 0.0949572593,
    "eps": 0.71,
    "epsdiluted": 0.71,
    "weightedAverageShsOut": 2012000000,
    "weightedAverageShsOutDil": 2012000000,
    "link": "",
    "finalLink": ""
  },
  {
    "date": "2022-06-30",
    "symbol": "BUD",
    "reportedCurrency": "USD",
    "cik": "0001668717",
    "fillingDate": "2022-06-30",
    "acceptedDate": "2022-06-29 20:00:00",
    "calendarYear": "2022",
    "period": "Q2",
    "revenue": 14792000000,
    "costOfRevenue": 6795000000,
    "grossProfit": 7997000000,
    "grossProfitRatio": 0.5406300703,
    "researchAndDevelopmentExpenses": 0,
    "generalAndAdministrativeExpenses": 2237000000,
    "sellingAndMarketingExpenses": 6380000000,
    "sellingGeneralAndAdministrativeExpenses": 4501000000,
    "otherExpenses": -314000000,
    "operatingExpenses": 4187000000,
    "costAndExpenses": 10982000000,
    "interestIncome": 149000000,
    "interestExpense": 1126000000,
    "depreciationAndAmortization": 1238500000,
    "ebitda": 5029500000,
    "ebitdaratio": 0.3400148729,
    "operatingIncome": 3706000000,
    "operatingIncomeRatio": 0.2505408329,
    "totalOtherIncomeExpensesNet": -1115000000,
    "incomeBeforeTax": 2895000000,
    "incomeBeforeTaxRatio": 0.1957138994,
    "incomeTaxExpense": 720000000,
    "netIncome": 2175000000,
    "netIncomeRatio": 0.14703894,
    "eps": 1.08,
    "epsdiluted": 1.08,
    "weightedAverageShsOut": 2012000000,
    "weightedAverageShsOutDil": 2012000000,
    "link": "",
    "finalLink": ""
  },
  {
    "date": "2022-03-31",
    "symbol": "BUD",
    "reportedCurrency": "USD",
    "cik": "0001668717",
    "fillingDate": "2022-03-31",
    "acceptedDate": "2022-03-30 20:00:00",
    "calendarYear": "2022",
    "period": "Q1",
    "revenue": 13235000000,
    "costOfRevenue": 5989000000,
    "grossProfit": 7246000000,
    "grossProfitRatio": 0.5474877219,
    "researchAndDevelopmentExpenses": 0,
    "generalAndAdministrativeExpenses": 0,
    "sellingAndMarketingExpenses": 0,
    "sellingGeneralAndAdministrativeExpenses": 4116000000,
    "otherExpenses": -164000000,
    "operatingExpenses": 3952000000,
    "costAndExpenses": 9941000000,
    "interestIncome": 48000000,
    "interestExpense": 1014000000,
    "depreciationAndAmortization": 935750000,
    "ebitda": 4211750000,
    "ebitdaratio": 0.3182281828,
    "operatingIncome": 3294000000,
    "operatingIncomeRatio": 0.2488855308,
    "totalOtherIncomeExpensesNet": -2271000000,
    "incomeBeforeTax": 823000000,
    "incomeBeforeTaxRatio": 0.0621836041,
    "incomeTaxExpense": 524000000,
    "netIncome": 299000000,
    "netIncomeRatio": 0.0225916131,
    "eps": 0.15,
    "epsdiluted": 0.15,
    "weightedAverageShsOut": 2012000000,
    "weightedAverageShsOutDil": 2012000000,
    "link": "",
    "finalLink": ""
  },
  {
    "date": "2021-12-31",
    "symbol": "BUD",
    "reportedCurrency": "USD",
    "cik": "0001668717",
    "fillingDate": "2021-12-31",
    "acceptedDate": "2021-12-30 19:00:00",
    "calendarYear": "2021",
    "period": "Q4",
    "revenue": 14198000000,
    "costOfRevenue": 6096000000,
    "grossProfit": 8102000000,
    "grossProfitRatio": 0.5706437526,
    "researchAndDevelopmentExpenses": 298000000,
    "generalAndAdministrativeExpenses": 4394000000,
    "sellingAndMarketingExpenses": 13181000000,
    "sellingGeneralAndAdministrativeExpenses": 4625000000,
    "otherExpenses": 192000000,
    "operatingExpenses": 4744000000,
    "costAndExpenses": 10840000000,
    "interestIncome": 329000000,
    "interestExpense": 2470000000,
    "depreciationAndAmortization": 1030000000,
    "ebitda": 3934000000,
    "ebitdaratio": 0.2770812791,
    "operatingIncome": 3036000000,
    "operatingIncomeRatio": 0.2138329342,
    "totalOtherIncomeExpensesNet": -251000000,
    "incomeBeforeTax": 2785000000,
    "incomeBeforeTaxRatio": 0.1961543879,
    "incomeTaxExpense": 440000000,
    "netIncome": 1963000000,
    "netIncomeRatio": 0.1382589097,
    "eps": 1.17,
    "epsdiluted": 1.17,
    "weightedAverageShsOut": 1981024587,
    "weightedAverageShsOutDil": 2006000000,
    "link": "",
    "finalLink": ""
  },
  {
    "date": "2021-09-30",
    "symbol": "BUD",
    "reportedCurrency": "USD",
    "cik": "0001668717",
    "fillingDate": "2021-09-30",
    "acceptedDate": "2021-09-29 20:00:00",
    "calendarYear": "2021",
    "period": "Q3",
    "revenue": 14274000000,
    "costOfRevenue": 6039000000,
    "grossProfit": 8235000000,
    "grossProfitRatio": 0.5769230769,
    "researchAndDevelopmentExpenses": 0,
    "generalAndAdministrativeExpenses": 0,
    "sellingAndMarketingExpenses": 0,
    "sellingGeneralAndAdministrativeExpenses": 4379000000,
    "otherExpenses": -163000000,
    "operatingExpenses": 4216000000,
    "costAndExpenses": 10255000000,
    "interestIncome": 12000000,
    "interestExpense": 896000000,
    "depreciationAndAmortization": 920500000,
    "ebitda": 3932000000,
    "ebitdaratio": 0.275465882,
    "operatingIncome": 4020000000,
    "operatingIncomeRatio": 0.2816309374,
    "totalOtherIncomeExpensesNet": -2646000000,
    "incomeBeforeTax": 1372000000,
    "incomeBeforeTaxRatio": 0.0961188174,
    "incomeTaxExpense": 679000000,
    "netIncome": 250000000,
    "netIncomeRatio": 0.0175143618,
    "eps": 0.12,
    "epsdiluted": 0.12,
    "weightedAverageShsOut": 2006000000,
    "weightedAverageShsOutDil": 2006000000,
    "link": "",
    "finalLink": ""
  },
  {
    "date": "2021-06-30",
    "symbol": "BUD",
    "reportedCurrency": "USD",
    "cik": "0001668717",
    "fillingDate": "2021-06-30",
    "acceptedDate": "2021-06-29 20:00:00",
    "calendarYear": "2021",
    "period": "Q2",
    "revenue": 13539000000,
    "costOfRevenue": 5720000000,
    "grossProfit": 7819000000,
    "grossProfitRatio": 0.5775168033,
    "researchAndDevelopmentExpenses": 0,
    "generalAndAdministrativeExpenses": 2247000000,
    "sellingAndMarketingExpenses": 6323000000,
    "sellingGeneralAndAdministrativeExpenses": 4510000000,
    "otherExpenses": -316000000,
    "operatingExpenses": 4194000000,
    "costAndExpenses": 9914000000,
    "interestIncome": 361000000,
    "interestExpense": 1127000000,
    "depreciationAndAmortization": 1183500000,
    "ebitda": 4820500000,
    "ebitdaratio": 0.3560454982,
    "operatingIncome": 3438000000,
    "operatingIncomeRatio": 0.2539330822,
    "totalOtherIncomeExpensesNet": -554000000,
    "incomeBeforeTax": 2884000000,
    "incomeBeforeTaxRatio": 0.2130142551,
    "incomeTaxExpense": 702000000,
    "netIncome": 1863000000,
    "netIncomeRatio": 0.1376024817,
    "eps": 0.93,
    "epsdiluted": 0.93,
    "weightedAverageShsOut": 2005000000,
    "weightedAverageShsOutDil": 2006000000,
    "link": "",
    "finalLink": ""
  },
  {
    "date": "2021-03-31",
    "symbol": "BUD",
    "reportedCurrency": "USD",
    "cik": "0001668717",
    "fillingDate": "2021-03-31",
    "acceptedDate": "2021-03-30 20:00:00",
    "calendarYear": "2021",
    "period": "Q1",
    "revenue": 12293000000,
    "costOfRevenue": 5243000000,
    "grossProfit": 7050000000,
    "grossProfitRatio": 0.5734971122,
    "researchAndDevelopmentExpenses": 0,
    "generalAndAdministrativeExpenses": 0,
    "sellingAndMarketingExpenses": 0,
    "sellingGeneralAndAdministrativeExpenses": 4060000000,
    "otherExpenses": -123000000,
    "operatingExpenses": 3937000000,
    "costAndExpenses": 9180000000,
    "interestIncome": 5000000,
    "interestExpense": 927000000,
    "depreciationAndAmortization": 920500000,
    "ebitda": 4015500000,
    "ebitdaratio": 0.3266493126,
    "operatingIncome": 3113000000,
    "operatingIncomeRatio": 0.2532335475,
    "totalOtherIncomeExpensesNet": -1692000000,
    "incomeBeforeTax": 1421000000,
    "incomeBeforeTaxRatio": 0.1155942406,
    "incomeTaxExpense": 529000000,
    "netIncome": 595000000,
    "netIncomeRatio": 0.0484015293,
    "eps": 0.3,
    "epsdiluted": 0.3,
    "weightedAverageShsOut": 2003000000,
    "weightedAverageShsOutDil": 2003000000,
    "link": "",
    "finalLink": ""
  },
  {
    "date": "2020-12-31",
    "symbol": "BUD",
    "reportedCurrency": "USD",
    "cik": "0001668717",
    "fillingDate": "2020-12-31",
    "acceptedDate": "2020-12-30 19:00:00",
    "calendarYear": "2020",
    "period": "Q4",
    "revenue": 12767000000,
    "costOfRevenue": 5282000000,
    "grossProfit": 7485000000,
    "grossProfitRatio": 0.5862771207,
    "researchAndDevelopmentExpenses": 296000000,
    "generalAndAdministrativeExpenses": 3404000000,
    "sellingAndMarketingExpenses": 11965000000,
    "sellingGeneralAndAdministrativeExpenses": 4169000000,
    "otherExpenses": 89000000,
    "operatingExpenses": 3618000000,
    "costAndExpenses": 8900000000,
    "interestIncome": 341000000,
    "interestExpense": 1121000000,
    "depreciationAndAmortization": 1005000000,
    "ebitda": 4105000000,
    "ebitdaratio": 0.3215320749,
    "operatingIncome": 3867000000,
    "operatingIncomeRatio": 0.302890264,
    "totalOtherIncomeExpensesNet": -430000000,
    "incomeBeforeTax": 3437000000,
    "incomeBeforeTaxRatio": 0.2692096812,
    "incomeTaxExpense": 830000000,
    "netIncome": 2265000000,
    "netIncomeRatio": 0.1774105115,
    "eps": 1.13,
    "epsdiluted": 1.13,
    "weightedAverageShsOut": 1972249406,
    "weightedAverageShsOutDil": 1984000000,
    "link": "",
    "finalLink": ""
  },
  {
    "date": "2020-09-30",
    "symbol": "BUD",
    "reportedCurrency": "USD",
    "cik": "0001668717",
    "fillingDate": "2020-09-30",
    "acceptedDate": "2020-09-29 20:00:00",
    "calendarYear": "2020",
    "period": "Q3",
    "revenue": 12816000000,
    "costOfRevenue": 5256000000,
    "grossProfit": 7560000000,
    "grossProfitRatio": 0.5898876404,
    "researchAndDevelopmentExpenses": 0,
    "generalAndAdministrativeExpenses": 0,
    "sellingAndMarketingExpenses": 0,
    "sellingGeneralAndAdministrativeExpenses": 3942000000,
    "otherExpenses": -135000000,
    "operatingExpenses": 3807000000,
    "costAndExpenses": 9063000000,
    "interestIncome": 0,
    "interestExpense": 1155000000,
    "depreciationAndAmortization": 947000000,
    "ebitda": 4680000000,
    "ebitdaratio": 0.3651685393,
    "operatingIncome": 3754000000,
    "operatingIncomeRatio": 0.2929151061,
    "totalOtherIncomeExpensesNet": -1860000000,
    "incomeBeforeTax": 1894000000,
    "incomeBeforeTaxRatio": 0.14778402,
    "incomeTaxExpense": 610000000,
    "netIncome": 1040000000,
    "netIncomeRatio": 0.0811485643,
    "eps": 0.52,
    "epsdiluted": 0.52,
    "weightedAverageShsOut": 1997000000,
    "weightedAverageShsOutDil": 1997000000,
    "link": "",
    "finalLink": ""
  },
  {
    "date": "2020-06-30",
    "symbol": "BUD",
    "reportedCurrency": "USD",
    "cik": "0001668717",
    "fillingDate": "2020-06-30",
    "acceptedDate": "2020-06-29 20:00:00",
    "calendarYear": "2020",
    "period": "Q2",
    "revenue": 10294000000,
    "costOfRevenue": 4524000000,
    "grossProfit": 5770000000,
    "grossProfitRatio": 0.5605206917,
    "researchAndDevelopmentExpenses": 0,
    "generalAndAdministrativeExpenses": 1578000000,
    "sellingAndMarketingExpenses": 5679000000,
    "sellingGeneralAndAdministrativeExpenses": 3536000000,
    "otherExpenses": -15000000,
    "operatingExpenses": 3473000000,
    "costAndExpenses": 7997000000,
    "interestIncome": 0,
    "interestExpense": 1059000000,
    "depreciationAndAmortization": 1079000000,
    "ebitda": -51000000,
    "ebitdaratio": -0.0049543423,
    "operatingIncome": 2297000000,
    "operatingIncomeRatio": 0.223139693,
    "totalOtherIncomeExpensesNet": -805000000,
    "incomeBeforeTax": -1304000000,
    "incomeBeforeTaxRatio": -0.1266757334,
    "incomeTaxExpense": 174000000,
    "netIncome": 349000000,
    "netIncomeRatio": 0.0339032446,
    "eps": 0.18,
    "epsdiluted": 0.18,
    "weightedAverageShsOut": 1971156658,
    "weightedAverageShsOutDil": 1971156658,
    "link": "",
    "finalLink": ""
  },
  {
    "date": "2020-03-31",
    "symbol": "BUD",
    "reportedCurrency": "USD",
    "cik": "0001668717",
    "fillingDate": "2020-03-31",
    "acceptedDate": "2020-03-30 20:00:00",
    "calendarYear": "2020",
    "period": "Q1",
    "revenue": 11003000000,
    "costOfRevenue": 4573000000,
    "grossProfit": 6430000000,
    "grossProfitRatio": 0.5843860765,
    "researchAndDevelopmentExpenses": 0,
    "generalAndAdministrativeExpenses": 0,
    "sellingAndMarketingExpenses": 0,
    "sellingGeneralAndAdministrativeExpenses": 3721000000,
    "otherExpenses": -95000000,
    "operatingExpenses": 3626000000,
    "costAndExpenses": 8199000000,
    "interestIncome": 0,
    "interestExpense": 894000000,
    "depreciationAndAmortization": 947000000,
    "ebitda": 2586000000,
    "ebitdaratio": 0.2350268109,
    "operatingIncome": 2805000000,
    "operatingIncomeRatio": 0.2549304735,
    "totalOtherIncomeExpensesNet": -4753000000,
    "incomeBeforeTax": -1948000000,
    "incomeBeforeTaxRatio": -0.1770426247,
    "incomeTaxExpense": 318000000,
    "netIncome": -2250000000,
    "netIncomeRatio": -0.2044896846,
    "eps": -1.15,
    "epsdiluted": -1.15,
    "weightedAverageShsOut": 1959379126,
    "weightedAverageShsOutDil": 1959379126,
    "link": "",
    "finalLink": ""
  }
]