[
  {
    "date": "2024-12-31",
    "symbol": "BUD",
    "reportedCurrency": "USD",
    "cik": "0001668717",
    "fillingDate": "2025-03-12",
    "acceptedDate": "2025-03-12 16:37:47",
    "calendarYear": "2024",
    "period": "FY",
    "revenue": 59768000000,
    "costOfRevenue": 26744000000,
    "grossProfit": 33024000000,
    "grossProfitRatio": 0.5525364744,
    "researchAndDevelopmentExpenses": 0,
    "generalAndAdministrativeExpenses": 4983000000,
    "sellingAndMarketingExpenses": 13357000000,
    "sellingGeneralAndAdministrativeExpenses": 18340000000,
    "otherExpenses": -803000000,
    "operatingExpenses": 17537000000,
    "costAndExpenses": 44281000000,
    "interestIncome": 0,
    "interestExpense": 3568000000,
    "depreciationAndAmortization": 5544000000,
    "ebitda": 20360000000,
    "ebitdaratio": 0.3406505153,
    "operatingIncome": 15487000000,
    "operatingIncomeRatio": 0.2591185919,
    "totalOtherIncomeExpensesNet": -4919000000,
    "incomeBeforeTax": 10568000000,
    "incomeBeforeTaxRatio": 0.1768170258,
    "incomeTaxExpense": 3152000000,
    "netIncome": 5855000000,
    "netIncomeRatio": 0.0979621202,
    "eps": 2.92,
    "epsdiluted": 0,
    "weightedAverageShsOut": 2047202797,
    "weightedAverageShsOutDil": 0,
    "link": "https://www.sec.gov/Archives/edgar/data/1668717/000119312525052976/0001193125-25-052976-index.htm",
    "finalLink": "https://www.sec.gov/Archives/edgar/data/1668717/000119312525052976/d899194d20f.htm"
  },
  {
    "date": "2023-12-31",
    "symbol": "BUD",
    "reportedCurrency": "USD",
    "cik": "0001668717",
    "fillingDate": "2024-03-11",
    "acceptedDate": "2024-03-11 16:17:39",
    "calendarYear": "2023",
    "period": "FY",
    "revenue": 59380000000,
    "costOfRevenue": 27396000000,
    "grossProfit": 31984000000,
    "grossProfitRatio": 0.5386325362,
    "researchAndDevelopmentExpenses": 0,
    "generalAndAdministrativeExpenses": 4738000000,
    "sellingAndMarketingExpenses": 13435000000,
    "sellingGeneralAndAdministrativeExpenses": 18173000000,
    "otherExpenses": -155000000,
    "operatingExpenses": 18018000000,
    "costAndExpenses": 45414000000,
    "interestIncome": 458000000,
    "interestExpense": 4594000000,
    "depreciationAndAmortization": 5391000000,
    "ebitda": 19129000000,
    "ebitdaratio": 0.3221455035,
    "operatingIncome": 13966000000,
    "operatingIncomeRatio": 0.235197036,
    "totalOtherIncomeExpensesNet": -4842000000,
    "incomeBeforeTax": 9124000000,
    "incomeBeforeTaxRatio": 0.1536544291,
    "incomeTaxExpense": 2234000000,
    "netIncome": 5341000000,
    "netIncomeRatio": 0.0899461098,
    "eps": 2.65,
    "epsdiluted": 2.6,
    "weightedAverageShsOut": 2016000000,
    "weightedAverageShsOutDil": 2054000000,
    "link": "https://www.sec.gov/Archives/edgar/data/1668717/000119312524064823/0001193125-24-064823-index.htm",
    "finalLink": "https://www.sec.gov/Archives/edgar/data/1668717/000119312524064823/d801635d20f.htm"
  },
  {
    "date": "2022-12-31",
    "symbol": "BUD",
    "reportedCurrency": "USD",
    "cik": "0001668717",
    "fillingDate": "2022-12-31",
    "acceptedDate": "2022-12-30 19:00:00",
    "calendarYear": "2022",
    "period": "FY",
    "revenue": 57786000000,
    "costOfRevenue": 26305000000,
    "grossProfit": 31481000000,
    "grossProfitRatio": 0.5447859343,
    "researchAndDevelopmentExpenses": 268000000,
    "generalAndAdministrativeExpenses": 4414000000,
    "sellingAndMarketingExpenses": 13141000000,
    "sellingGeneralAndAdministrativeExpenses": 17555000000,
    "otherExpenses": -338000000,
    "operatingExpenses": 17217000000,
    "costAndExpenses": 43522000000,
    "interestIncome": 462000000,
    "interestExpense": 4443000000,
    "depreciationAndAmortization": 5078000000,
    "ebitda": 19045000000,
    "ebitdaratio": 0.3295780985,
    "operatingIncome": 14517000000,
    "operatingIncomeRatio": 0.2512200187,
    "totalOtherIncomeExpensesNet": -4993000000,
    "incomeBeforeTax": 9524000000,
    "incomeBeforeTaxRatio": 0.1648150071,
    "incomeTaxExpense": 1928000000,
    "netIncome": 5969000000,
    "netIncomeRatio": 0.1032949157,
    "eps": 2.99,
    "epsdiluted": 2.93,
    "weightedAverageShsOut": 2013000000,
    "weightedAverageShsOutDil": 2037000000,
    "link": "",
    "finalLink": ""
  },
  {
    "date": "2021-12-31",
    "symbol": "BUD",
    "reportedCurrency": "USD",
    "cik": "0001668717",
    "fillingDate": "2021-12-31",
    "acceptedDate": "2021-12-30 19:00:00",
    "calendarYear": "2021",
    "period": "FY",
    "revenue": 54304000000,
    "costOfRevenue": 23097000000,
    "grossProfit": 31207000000,
    "grossProfitRatio": 0.5746722157,
    "researchAndDevelopmentExpenses": 298000000,
    "generalAndAdministrativeExpenses": 4394000000,
    "sellingAndMarketingExpenses": 13181000000,
    "sellingGeneralAndAdministrativeExpenses": 17575000000,
    "otherExpenses": -346000000,
    "operatingExpenses": 17229000000,
    "costAndExpenses": 40326000000,
    "interestIncome": 431000000,
    "interestExpense": 5234000000,
    "depreciationAndAmortization": 5052000000,
    "ebitda": 19297000000,
    "ebitdaratio": 0.3553513553,
    "operatingIncome": 13824000000,
    "operatingIncomeRatio": 0.2545668827,
    "totalOtherIncomeExpensesNet": -5361000000,
    "incomeBeforeTax": 8463000000,
    "incomeBeforeTaxRatio": 0.1558448733,
    "incomeTaxExpense": 2350000000,
    "netIncome": 4670000000,
    "netIncomeRatio": 0.0859973483,
    "eps": 2.33,
    "epsdiluted": 2.28,
    "weightedAverageShsOut": 2007000000,
    "weightedAverageShsOutDil": 2045000000,
    "link": "",
    "finalLink": ""
  },
  {
    "date": "2020-12-31",
    "symbol": "BUD",
    "reportedCurrency": "USD",
    "cik": "0001668717",
    "fillingDate": "2020-12-31",
    "acceptedDate": "2020-12-30 19:00:00",
    "calendarYear": "2020",
    "period": "FY",
    "revenue": 46881000000,
    "costOfRevenue": 19634000000,
    "grossProfit": 27247000000,
    "grossProfitRatio": 0.5811949404,
    "researchAndDevelopmentExpenses": 296000000,
    "generalAndAdministrativeExpenses": 3404000000,
    "sellingAndMarketingExpenses": 11965000000,
    "sellingGeneralAndAdministrativeExpenses": 15368000000,
    "otherExpenses": -845000000,
    "operatingExpenses": 14523000000,
    "costAndExpenses": 34157000000,
    "interestIncome": 315000000,
    "interestExpense": 4997000000,
    "depreciationAndAmortization": 4829000000,
    "ebitda": 16933000000,
    "ebitdaratio": 0.3611911009,
    "operatingIncome": 7803000000,
    "operatingIncomeRatio": 0.1664426953,
    "totalOtherIncomeExpensesNet": -7541000000,
    "incomeBeforeTax": 2080000000,
    "incomeBeforeTaxRatio": 0.0443676543,
    "incomeTaxExpense": 1932000000,
    "netIncome": 148000000,
    "netIncomeRatio": 0.0031569292,
    "eps": 0.0751,
    "epsdiluted": 0.0746,
    "weightedAverageShsOut": 1969696969,
    "weightedAverageShsOutDil": 1984000000,
    "link": "",
    "finalLink": ""
  },
  {
    "date": "2019-12-31",
    "symbol": "BUD",
    "reportedCurrency": "USD",
    "cik": "0001668717",
    "fillingDate": "2019-12-31",
    "acceptedDate": "2019-12-30 19:00:00",
    "calendarYear": "2019",
    "period": "FY",
    "revenue": 52329000000,
    "costOfRevenue": 20362000000,
    "grossProfit": 31967000000,
    "grossProfitRatio": 0.6108849777,
    "researchAndDevelopmentExpenses": 291000000,
    "generalAndAdministrativeExpenses": 3548000000,
    "sellingAndMarketingExpenses": 12873000000,
    "sellingGeneralAndAdministrativeExpenses": 16421000000,
    "otherExpenses": -221000000,
    "operatingExpenses": 16200000000,
    "costAndExpenses": 36562000000,
    "interestIncome": 410000000,
    "interestExpense": 4894000000,
    "depreciationAndAmortization": 4657000000,
    "ebitda": 22327000000,
    "ebitdaratio": 0.4266659023,
    "operatingIncome": 16098000000,
    "operatingIncomeRatio": 0.3076305681,
    "totalOtherIncomeExpensesNet": -3322000000,
    "incomeBeforeTax": 12776000000,
    "incomeBeforeTaxRatio": 0.2441476046,
    "incomeTaxExpense": 2786000000,
    "netIncome": 9171000000,
    "netIncomeRatio": 0.1752565499,
    "eps": 4.62,
    "epsdiluted": 4.53,
    "weightedAverageShsOut": 1984000000,
    "weightedAverageShsOutDil": 2026000000,
    "link": "",
    "finalLink": ""
  },
  {
    "date": "2018-12-31",
    "symbol": "BUD",
    "reportedCurrency": "USD",
    "cik": "0001668717",
    "fillingDate": "2018-12-31",
    "acceptedDate": "2018-12-30 19:00:00",
    "calendarYear": "2018",
    "period": "FY",
    "revenue": 54619000000,
    "costOfRevenue": 20359000000,
    "grossProfit": 34260000000,
    "grossProfitRatio": 0.6272542522,
    "researchAndDevelopmentExpenses": 276000000,
    "generalAndAdministrativeExpenses": 3465000000,
    "sellingAndMarketingExpenses": 13653000000,
    "sellingGeneralAndAdministrativeExpenses": 17118000000,
    "otherExpenses": 249000000,
    "operatingExpenses": 17107000000,
    "costAndExpenses": 37466000000,
    "interestIncome": 333000000,
    "interestExpense": 4612000000,
    "depreciationAndAmortization": 4260000000,
    "ebitda": 21626000000,
    "ebitdaratio": 0.3959428038,
    "operatingIncome": 17106000000,
    "operatingIncomeRatio": 0.3131877186,
    "totalOtherIncomeExpensesNet": -9365000000,
    "incomeBeforeTax": 8530000000,
    "incomeBeforeTaxRatio": 0.1561727604,
    "incomeTaxExpense": 2839000000,
    "netIncome": 4368000000,
    "netIncomeRatio": 0.0799721709,
    "eps": 2.21,
    "epsdiluted": 2.17,
    "weightedAverageShsOut": 1975000000,
    "weightedAverageShsOutDil": 2011000000,
    "link": "",
    "finalLink": ""
  },
  {
    "date": "2017-12-31",
    "symbol": "BUD",
    "reportedCurrency": "USD",
    "cik": "0001668717",
    "fillingDate": "2017-12-31",
    "acceptedDate": "2017-12-30 19:00:00",
    "calendarYear": "2017",
    "period": "FY",
    "revenue": 56444000000,
    "costOfRevenue": 21386000000,
    "grossProfit": 35058000000,
    "grossProfitRatio": 0.6211111899,
    "researchAndDevelopmentExpenses": 276000000,
    "generalAndAdministrativeExpenses": 3841000000,
    "sellingAndMarketingExpenses": 14258000000,
    "sellingGeneralAndAdministrativeExpenses": 18099000000,
    "otherExpenses": 235000000,
    "operatingExpenses": 17702000000,
    "costAndExpenses": 39088000000,
    "interestIncome": 287000000,
    "interestExpense": 5007000000,
    "depreciationAndAmortization": 4276000000,
    "ebitda": 21845000000,
    "ebitdaratio": 0.3870207639,
    "operatingIncome": 17152000000,
    "operatingIncomeRatio": 0.3038764085,
    "totalOtherIncomeExpensesNet": -5385000000,
    "incomeBeforeTax": 11076000000,
    "incomeBeforeTaxRatio": 0.1962298916,
    "incomeTaxExpense": 1920000000,
    "netIncome": 7996000000,
    "netIncomeRatio": 0.1416625328,
    "eps": 4.06,
    "epsdiluted": 3.98,
    "weightedAverageShsOut": 1971000000,
    "weightedAverageShsOutDil": 2010000000,
    "link": "",
    "finalLink": ""
  },
  {
    "date": "2016-12-31",
    "symbol": "BUD",
    "reportedCurrency": "USD",
    "cik": "0001668717",
    "fillingDate": "2016-12-31",
    "acceptedDate": "2016-12-30 19:00:00",
    "calendarYear": "2016",
    "period": "FY",
    "revenue": 45517000000,
    "costOfRevenue": 17803000000,
    "grossProfit": 27714000000,
    "grossProfitRatio": 0.6088714107,
    "researchAndDevelopmentExpenses": 244000000,
    "generalAndAdministrativeExpenses": 2883000000,
    "sellingAndMarketingExpenses": 12288000000,
    "sellingGeneralAndAdministrativeExpenses": 15171000000,
    "otherExpenses": 248000000,
    "operatingExpenses": 14794000000,
    "costAndExpenses": 32597000000,
    "interestIncome": 561000000,
    "interestExpense": 4841000000,
    "depreciationAndAmortization": 3477000000,
    "ebitda": 16602000000,
    "ebitdaratio": 0.3647428433,
    "operatingIncome": 12882000000,
    "operatingIncomeRatio": 0.2830151372,
    "totalOtherIncomeExpensesNet": -8548000000,
    "incomeBeforeTax": 4334000000,
    "incomeBeforeTaxRatio": 0.0952171716,
    "incomeTaxExpense": 1613000000,
    "netIncome": 1241000000,
    "netIncomeRatio": 0.0272645385,
    "eps": 0.72,
    "epsdiluted": 0.71,
    "weightedAverageShsOut": 1717000000,
    "weightedAverageShsOutDil": 1755000000,
    "link": "",
    "finalLink": ""
  },
  {
    "date": "2015-12-31",
    "symbol": "BUD",
    "reportedCurrency": "USD",
    "cik": "0001668717",
    "fillingDate": "2015-12-31",
    "acceptedDate": "2015-12-30 19:00:00",
    "calendarYear": "2015",
    "period": "FY",
    "revenue": 43604000000,
    "costOfRevenue": 17137000000,
    "grossProfit": 26467000000,
    "grossProfitRatio": 0.6069855977,
    "researchAndDevelopmentExpenses": 207000000,
    "generalAndAdministrativeExpenses": 2560000000,
    "sellingAndMarketingExpenses": 11172000000,
    "sellingGeneralAndAdministrativeExpenses": 13732000000,
    "otherExpenses": 302000000,
    "operatingExpenses": 13083000000,
    "costAndExpenses": 30220000000,
    "interestIncome": 339000000,
    "interestExpense": 2249000000,
    "depreciationAndAmortization": 3153000000,
    "ebitda": 16930000000,
    "ebitdaratio": 0.3882671315,
    "operatingIncome": 13904000000,
    "operatingIncomeRatio": 0.3188698285,
    "totalOtherIncomeExpensesNet": -1443000000,
    "incomeBeforeTax": 12461000000,
    "incomeBeforeTaxRatio": 0.2857765343,
    "incomeTaxExpense": 2594000000,
    "netIncome": 8273000000,
    "netIncomeRatio": 0.1897303,
    "eps": 5.05,
    "epsdiluted": 4.96,
    "weightedAverageShsOut": 1638000000,
    "weightedAverageShsOutDil": 1668000000,
    "link": "",
    "finalLink": ""
  }
]