[
  {
    "date": "2024-12-31",
    "symbol": "ABT",
    "reportedCurrency": "USD",
    "cik": "0000001800",
    "fillingDate": "2025-02-21",
    "acceptedDate": "2025-02-21 16:07:20",
    "calendarYear": "2024",
    "period": "Q4",
    "revenue": 10974000000,
    "costOfRevenue": 4942000000,
    "grossProfit": 6032000000,
    "grossProfitRatio": 0.5496628394,
    "researchAndDevelopmentExpenses": 749000000,
    "generalAndAdministrativeExpenses": 0,
    "sellingAndMarketingExpenses": 0,
    "sellingGeneralAndAdministrativeExpenses": 2907000000,
    "otherExpenses": 465000000,
    "operatingExpenses": 4121000000,
    "costAndExpenses": 9063000000,
    "interestIncome": 91000000,
    "interestExpense": 136000000,
    "depreciationAndAmortization": 807000000,
    "ebitda": 2989000000,
    "ebitdaratio": 0.2723710589,
    "operatingIncome": 1911000000,
    "operatingIncomeRatio": 0.1741388737,
    "totalOtherIncomeExpensesNet": 119000000,
    "incomeBeforeTax": 2030000000,
    "incomeBeforeTaxRatio": 0.1849826863,
    "incomeTaxExpense": -7199000000,
    "netIncome": 9229000000,
    "netIncomeRatio": 0.8409877893,
    "eps": 5.33,
    "epsdiluted": 5.27,
    "weightedAverageShsOut": 1731697991,
    "weightedAverageShsOutDil": 1746000000,
    "link": "https://www.sec.gov/Archives/edgar/data/1800/000162828025007110/0001628280-25-007110-index.htm",
    "finalLink": "https://www.sec.gov/Archives/edgar/data/1800/000162828025007110/abt-20241231.htm"
  },
  {
    "date": "2024-09-30",
    "symbol": "ABT",
    "reportedCurrency": "USD",
    "cik": "0000001800",
    "fillingDate": "2024-10-31",
    "acceptedDate": "2024-10-31 17:14:00",
    "calendarYear": "2024",
    "period": "Q3",
    "revenue": 10635000000,
    "costOfRevenue": 4698000000,
    "grossProfit": 5937000000,
    "grossProfitRatio": 0.5582510578,
    "researchAndDevelopmentExpenses": 713000000,
    "generalAndAdministrativeExpenses": 0,
    "sellingAndMarketingExpenses": 0,
    "sellingGeneralAndAdministrativeExpenses": 2895000000,
    "otherExpenses": 470000000,
    "operatingExpenses": 4078000000,
    "costAndExpenses": 8776000000,
    "interestIncome": 91000000,
    "interestExpense": 142000000,
    "depreciationAndAmortization": 801000000,
    "ebitda": 2907000000,
    "ebitdaratio": 0.2733427362,
    "operatingIncome": 1859000000,
    "operatingIncomeRatio": 0.1748001881,
    "totalOtherIncomeExpensesNet": 81000000,
    "incomeBeforeTax": 1940000000,
    "incomeBeforeTaxRatio": 0.1824165491,
    "incomeTaxExpense": 294000000,
    "netIncome": 1646000000,
    "netIncomeRatio": 0.1547719793,
    "eps": 0.95,
    "epsdiluted": 0.94,
    "weightedAverageShsOut": 1734455938,
    "weightedAverageShsOutDil": 1748000000,
    "link": "https://www.sec.gov/Archives/edgar/data/1800/000162828024044602/0001628280-24-044602-index.htm",
    "finalLink": "https://www.sec.gov/Archives/edgar/data/1800/000162828024044602/abt-20240930.htm"
  },
  {
    "date": "2024-06-30",
    "symbol": "ABT",
    "reportedCurrency": "USD",
    "cik": "0000001800",
    "fillingDate": "2024-07-31",
    "acceptedDate": "2024-07-31 16:02:17",
    "calendarYear": "2024",
    "period": "Q2",
    "revenue": 10377000000,
    "costOfRevenue": 4570000000,
    "grossProfit": 5807000000,
    "grossProfitRatio": 0.5596029681,
    "researchAndDevelopmentExpenses": 698000000,
    "generalAndAdministrativeExpenses": 0,
    "sellingAndMarketingExpenses": 0,
    "sellingGeneralAndAdministrativeExpenses": 2915000000,
    "otherExpenses": -471000000,
    "operatingExpenses": 4084000000,
    "costAndExpenses": 8654000000,
    "interestIncome": 82000000,
    "interestExpense": 58000000,
    "depreciationAndAmortization": 805000000,
    "ebitda": 2638000000,
    "ebitdaratio": 0.2542160547,
    "operatingIncome": 1723000000,
    "operatingIncomeRatio": 0.1660402814,
    "totalOtherIncomeExpensesNet": -62000000,
    "incomeBeforeTax": 1607000000,
    "incomeBeforeTaxRatio": 0.1548617134,
    "incomeTaxExpense": 305000000,
    "netIncome": 1302000000,
    "netIncomeRatio": 0.125469789,
    "eps": 0.75,
    "epsdiluted": 0.74,
    "weightedAverageShsOut": 1734076358,
    "weightedAverageShsOutDil": 1751000000,
    "link": "https://www.sec.gov/Archives/edgar/data/1800/000162828024033740/0001628280-24-033740-index.htm",
    "finalLink": "https://www.sec.gov/Archives/edgar/data/1800/000162828024033740/abt-20240630.htm"
  },
  {
    "date": "2024-03-31",
    "symbol": "ABT",
    "reportedCurrency": "USD",
    "cik": "0000001800",
    "fillingDate": "2024-05-02",
    "acceptedDate": "2024-05-02 16:11:10",
    "calendarYear": "2024",
    "period": "Q1",
    "revenue": 9964000000,
    "costOfRevenue": 4420000000,
    "grossProfit": 5544000000,
    "grossProfitRatio": 0.556403051,
    "researchAndDevelopmentExpenses": 679000000,
    "generalAndAdministrativeExpenses": 0,
    "sellingAndMarketingExpenses": 0,
    "sellingGeneralAndAdministrativeExpenses": 2943000000,
    "otherExpenses": -472000000,
    "operatingExpenses": 4094000000,
    "costAndExpenses": 8514000000,
    "interestIncome": 80000000,
    "interestExpense": 61000000,
    "depreciationAndAmortization": 805000000,
    "ebitda": 2340000000,
    "ebitdaratio": 0.2348454436,
    "operatingIncome": 1450000000,
    "operatingIncomeRatio": 0.145523886,
    "totalOtherIncomeExpensesNet": 50000000,
    "incomeBeforeTax": 1436000000,
    "incomeBeforeTaxRatio": 0.1441188278,
    "incomeTaxExpense": 211000000,
    "netIncome": 1225000000,
    "netIncomeRatio": 0.1229425933,
    "eps": 0.71,
    "epsdiluted": 0.7,
    "weightedAverageShsOut": 1734076358,
    "weightedAverageShsOutDil": 1750000000,
    "link": "https://www.sec.gov/Archives/edgar/data/1800/000162828024020011/0001628280-24-020011-index.htm",
    "finalLink": "https://www.sec.gov/Archives/edgar/data/1800/000162828024020011/abt-20240331.htm"
  },
  {
    "date": "2023-12-31",
    "symbol": "ABT",
    "reportedCurrency": "USD",
    "cik": "0000001800",
    "fillingDate": "2024-02-16",
    "acceptedDate": "2024-02-16 16:15:58",
    "calendarYear": "2023",
    "period": "Q4",
    "revenue": 10241000000,
    "costOfRevenue": 4983000000,
    "grossProfit": 5258000000,
    "grossProfitRatio": 0.5134264232,
    "researchAndDevelopmentExpenses": 690000000,
    "generalAndAdministrativeExpenses": 0,
    "sellingAndMarketingExpenses": 0,
    "sellingGeneralAndAdministrativeExpenses": 2704000000,
    "otherExpenses": 109000000,
    "operatingExpenses": 3394000000,
    "costAndExpenses": 8377000000,
    "interestIncome": 89000000,
    "interestExpense": 235000000,
    "depreciationAndAmortization": 813000000,
    "ebitda": 2870000000,
    "ebitdaratio": 0.2802460697,
    "operatingIncome": 1864000000,
    "operatingIncomeRatio": 0.1820134752,
    "totalOtherIncomeExpensesNet": 427000000,
    "incomeBeforeTax": 1795000000,
    "incomeBeforeTaxRatio": 0.175275852,
    "incomeTaxExpense": 201000000,
    "netIncome": 1594000000,
    "netIncomeRatio": 0.1556488624,
    "eps": 0.92,
    "epsdiluted": 0.91,
    "weightedAverageShsOut": 1734076358,
    "weightedAverageShsOutDil": 1748000000,
    "link": "https://www.sec.gov/Archives/edgar/data/1800/000162828024005348/0001628280-24-005348-index.htm",
    "finalLink": "https://www.sec.gov/Archives/edgar/data/1800/000162828024005348/abt-20231231.htm"
  },
  {
    "date": "2023-09-30",
    "symbol": "ABT",
    "reportedCurrency": "USD",
    "cik": "0000001800",
    "fillingDate": "2023-11-01",
    "acceptedDate": "2023-11-01 16:07:32",
    "calendarYear": "2023",
    "period": "Q3",
    "revenue": 10143000000,
    "costOfRevenue": 4605000000,
    "grossProfit": 5538000000,
    "grossProfitRatio": 0.54599231,
    "researchAndDevelopmentExpenses": 672000000,
    "generalAndAdministrativeExpenses": 0,
    "sellingAndMarketingExpenses": 0,
    "sellingGeneralAndAdministrativeExpenses": 2601000000,
    "otherExpenses": 83000000,
    "operatingExpenses": 3798000000,
    "costAndExpenses": 8403000000,
    "interestIncome": 69000000,
    "interestExpense": 166000000,
    "depreciationAndAmortization": 824000000,
    "ebitda": 2593000000,
    "ebitdaratio": 0.2556442867,
    "operatingIncome": 1769000000,
    "operatingIncomeRatio": 0.1744059943,
    "totalOtherIncomeExpensesNet": 24000000,
    "incomeBeforeTax": 1671000000,
    "incomeBeforeTaxRatio": 0.1647441585,
    "incomeTaxExpense": 235000000,
    "netIncome": 1436000000,
    "netIncomeRatio": 0.1415754708,
    "eps": 0.83,
    "epsdiluted": 0.82,
    "weightedAverageShsOut": 1738700000,
    "weightedAverageShsOutDil": 1748289000,
    "link": "https://www.sec.gov/Archives/edgar/data/1800/000162828023035957/0001628280-23-035957-index.htm",
    "finalLink": "https://www.sec.gov/Archives/edgar/data/1800/000162828023035957/abt-20230930.htm"
  },
  {
    "date": "2023-06-30",
    "symbol": "ABT",
    "reportedCurrency": "USD",
    "cik": "0000001800",
    "fillingDate": "2023-08-03",
    "acceptedDate": "2023-08-03 16:07:28",
    "calendarYear": "2023",
    "period": "Q2",
    "revenue": 9978000000,
    "costOfRevenue": 4483000000,
    "grossProfit": 5495000000,
    "grossProfitRatio": 0.5507115654,
    "researchAndDevelopmentExpenses": 715000000,
    "generalAndAdministrativeExpenses": 0,
    "sellingAndMarketingExpenses": 0,
    "sellingGeneralAndAdministrativeExpenses": 2619000000,
    "otherExpenses": 498000000,
    "operatingExpenses": 3798000000,
    "costAndExpenses": 8281000000,
    "interestIncome": 61000000,
    "interestExpense": 159000000,
    "depreciationAndAmortization": 800000000,
    "ebitda": 2477000000,
    "ebitdaratio": 0.2482461415,
    "operatingIncome": 1663000000,
    "operatingIncomeRatio": 0.1666666667,
    "totalOtherIncomeExpensesNet": 94000000,
    "incomeBeforeTax": 1636000000,
    "incomeBeforeTaxRatio": 0.1639607136,
    "incomeTaxExpense": 261000000,
    "netIncome": 1375000000,
    "netIncomeRatio": 0.137803167,
    "eps": 0.79,
    "epsdiluted": 0.78,
    "weightedAverageShsOut": 1740359000,
    "weightedAverageShsOutDil": 1750248000,
    "link": "https://www.sec.gov/Archives/edgar/data/1800/000162828023027203/0001628280-23-027203-index.htm",
    "finalLink": "https://www.sec.gov/Archives/edgar/data/1800/000162828023027203/abt-20230630.htm"
  },
  {
    "date": "2023-03-31",
    "symbol": "ABT",
    "reportedCurrency": "USD",
    "cik": "0000001800",
    "fillingDate": "2023-05-04",
    "acceptedDate": "2023-05-04 16:03:45",
    "calendarYear": "2023",
    "period": "Q1",
    "revenue": 9747000000,
    "costOfRevenue": 4314000000,
    "grossProfit": 5433000000,
    "grossProfitRatio": 0.5574022776,
    "researchAndDevelopmentExpenses": 654000000,
    "generalAndAdministrativeExpenses": 0,
    "sellingAndMarketingExpenses": 0,
    "sellingGeneralAndAdministrativeExpenses": 2615000000,
    "otherExpenses": 491000000,
    "operatingExpenses": 3819000000,
    "costAndExpenses": 8133000000,
    "interestIncome": 52000000,
    "interestExpense": 153000000,
    "depreciationAndAmortization": 806000000,
    "ebitda": 2435000000,
    "ebitdaratio": 0.2498204576,
    "operatingIncome": 1678000000,
    "operatingIncomeRatio": 0.172155535,
    "totalOtherIncomeExpensesNet": 53000000,
    "incomeBeforeTax": 1562000000,
    "incomeBeforeTaxRatio": 0.1602544373,
    "incomeTaxExpense": 244000000,
    "netIncome": 1318000000,
    "netIncomeRatio": 0.1352210937,
    "eps": 0.76,
    "epsdiluted": 0.75,
    "weightedAverageShsOut": 1741738000,
    "weightedAverageShsOutDil": 1751715000,
    "link": "https://www.sec.gov/Archives/edgar/data/1800/000162828023015699/0001628280-23-015699-index.htm",
    "finalLink": "https://www.sec.gov/Archives/edgar/data/1800/000162828023015699/abt-20230331.htm"
  },
  {
    "date": "2022-12-31",
    "symbol": "ABT",
    "reportedCurrency": "USD",
    "cik": "0000001800",
    "fillingDate": "2023-02-17",
    "acceptedDate": "2023-02-17 16:09:44",
    "calendarYear": "2022",
    "period": "Q4",
    "revenue": 10091000000,
    "costOfRevenue": 4593000000,
    "grossProfit": 5498000000,
    "grossProfitRatio": 0.5448419384,
    "researchAndDevelopmentExpenses": 725000000,
    "generalAndAdministrativeExpenses": 0,
    "sellingAndMarketingExpenses": 0,
    "sellingGeneralAndAdministrativeExpenses": 2973000000,
    "otherExpenses": 496000000,
    "operatingExpenses": 4194000000,
    "costAndExpenses": 8787000000,
    "interestIncome": 88000000,
    "interestExpense": 154000000,
    "depreciationAndAmortization": 807000000,
    "ebitda": 2281000000,
    "ebitdaratio": 0.2260430086,
    "operatingIncome": 1304000000,
    "operatingIncomeRatio": 0.129224061,
    "totalOtherIncomeExpensesNet": 16000000,
    "incomeBeforeTax": 1320000000,
    "incomeBeforeTaxRatio": 0.1308096323,
    "incomeTaxExpense": 287000000,
    "netIncome": 1033000000,
    "netIncomeRatio": 0.1023684471,
    "eps": 0.59,
    "epsdiluted": 0.59,
    "weightedAverageShsOut": 1737795021,
    "weightedAverageShsOutDil": 1754000000,
    "link": "https://www.sec.gov/Archives/edgar/data/1800/000162828023004026/0001628280-23-004026-index.htm",
    "finalLink": "https://www.sec.gov/Archives/edgar/data/1800/000162828023004026/abt-20221231.htm"
  },
  {
    "date": "2022-09-30",
    "symbol": "ABT",
    "reportedCurrency": "USD",
    "cik": "0000001800",
    "fillingDate": "2022-11-01",
    "acceptedDate": "2022-11-01 16:06:19",
    "calendarYear": "2022",
    "period": "Q3",
    "revenue": 10410000000,
    "costOfRevenue": 4629000000,
    "grossProfit": 5781000000,
    "grossProfitRatio": 0.5553314121,
    "researchAndDevelopmentExpenses": 782000000,
    "generalAndAdministrativeExpenses": 0,
    "sellingAndMarketingExpenses": 0,
    "sellingGeneralAndAdministrativeExpenses": 2731000000,
    "otherExpenses": 498000000,
    "operatingExpenses": 4011000000,
    "costAndExpenses": 8640000000,
    "interestIncome": 55000000,
    "interestExpense": 86000000,
    "depreciationAndAmortization": 815000000,
    "ebitda": 2687000000,
    "ebitdaratio": 0.258117195,
    "operatingIncome": 1770000000,
    "operatingIncomeRatio": 0.1700288184,
    "totalOtherIncomeExpensesNet": -12000000,
    "incomeBeforeTax": 1758000000,
    "incomeBeforeTaxRatio": 0.1688760807,
    "incomeTaxExpense": 323000000,
    "netIncome": 1435000000,
    "netIncomeRatio": 0.1378482229,
    "eps": 0.82,
    "epsdiluted": 0.81,
    "weightedAverageShsOut": 1744507382,
    "weightedAverageShsOutDil": 1764000000,
    "link": "https://www.sec.gov/Archives/edgar/data/1800/000162828022027550/0001628280-22-027550-index.htm",
    "finalLink": "https://www.sec.gov/Archives/edgar/data/1800/000162828022027550/abt-20220930.htm"
  },
  {
    "date": "2022-06-30",
    "symbol": "ABT",
    "reportedCurrency": "USD",
    "cik": "0000001800",
    "fillingDate": "2022-08-02",
    "acceptedDate": "2022-08-02 16:02:47",
    "calendarYear": "2022",
    "period": "Q2",
    "revenue": 11257000000,
    "costOfRevenue": 4933000000,
    "grossProfit": 6324000000,
    "grossProfitRatio": 0.561783779,
    "researchAndDevelopmentExpenses": 684000000,
    "generalAndAdministrativeExpenses": 0,
    "sellingAndMarketingExpenses": 0,
    "sellingGeneralAndAdministrativeExpenses": 2757000000,
    "otherExpenses": 82000000,
    "operatingExpenses": 3948000000,
    "costAndExpenses": 8881000000,
    "interestIncome": 26000000,
    "interestExpense": 132000000,
    "depreciationAndAmortization": 822000000,
    "ebitda": 3304000000,
    "ebitdaratio": 0.2935062628,
    "operatingIncome": 2376000000,
    "operatingIncomeRatio": 0.2110686684,
    "totalOtherIncomeExpensesNet": -24000000,
    "incomeBeforeTax": 2352000000,
    "incomeBeforeTaxRatio": 0.2089366616,
    "incomeTaxExpense": 334000000,
    "netIncome": 2018000000,
    "netIncomeRatio": 0.1792662343,
    "eps": 1.15,
    "epsdiluted": 1.14,
    "weightedAverageShsOut": 1751219743,
    "weightedAverageShsOutDil": 1765000000,
    "link": "https://www.sec.gov/Archives/edgar/data/1800/000162828022020209/0001628280-22-020209-index.htm",
    "finalLink": "https://www.sec.gov/Archives/edgar/data/1800/000162828022020209/abt-20220630.htm"
  },
  {
    "date": "2022-03-31",
    "symbol": "ABT",
    "reportedCurrency": "USD",
    "cik": "0000001800",
    "fillingDate": "2022-05-03",
    "acceptedDate": "2022-05-03 16:29:24",
    "calendarYear": "2022",
    "period": "Q1",
    "revenue": 11895000000,
    "costOfRevenue": 4987000000,
    "grossProfit": 6908000000,
    "grossProfitRatio": 0.5807482135,
    "researchAndDevelopmentExpenses": 697000000,
    "generalAndAdministrativeExpenses": 0,
    "sellingAndMarketingExpenses": 0,
    "sellingGeneralAndAdministrativeExpenses": 2787000000,
    "otherExpenses": 512000000,
    "operatingExpenses": 3996000000,
    "costAndExpenses": 8983000000,
    "interestIncome": 14000000,
    "interestExpense": 117000000,
    "depreciationAndAmortization": 823000000,
    "ebitda": 3834000000,
    "ebitdaratio": 0.3223203026,
    "operatingIncome": 2912000000,
    "operatingIncomeRatio": 0.2448087432,
    "totalOtherIncomeExpensesNet": -36000000,
    "incomeBeforeTax": 2876000000,
    "incomeBeforeTaxRatio": 0.2417822615,
    "incomeTaxExpense": 429000000,
    "netIncome": 2447000000,
    "netIncomeRatio": 0.2057166877,
    "eps": 1.4,
    "epsdiluted": 1.38,
    "weightedAverageShsOut": 1750942289,
    "weightedAverageShsOutDil": 1775000000,
    "link": "https://www.sec.gov/Archives/edgar/data/1800/000110465922055285/0001104659-22-055285-index.htm",
    "finalLink": "https://www.sec.gov/Archives/edgar/data/1800/000110465922055285/abt-20220331x10q.htm"
  },
  {
    "date": "2021-12-31",
    "symbol": "ABT",
    "reportedCurrency": "USD",
    "cik": "0000001800",
    "fillingDate": "2022-02-18",
    "acceptedDate": "2022-02-18 16:02:57",
    "calendarYear": "2021",
    "period": "Q4",
    "revenue": 11468000000,
    "costOfRevenue": 4766000000,
    "grossProfit": 6702000000,
    "grossProfitRatio": 0.5844087897,
    "researchAndDevelopmentExpenses": 762000000,
    "generalAndAdministrativeExpenses": 0,
    "sellingAndMarketingExpenses": 0,
    "sellingGeneralAndAdministrativeExpenses": 3048000000,
    "otherExpenses": 63000000,
    "operatingExpenses": 4324000000,
    "costAndExpenses": 9090000000,
    "interestIncome": 11000000,
    "interestExpense": 120000000,
    "depreciationAndAmortization": 883000000,
    "ebitda": 3837000000,
    "ebitdaratio": 0.334583188,
    "operatingIncome": 2378000000,
    "operatingIncomeRatio": 0.2073596093,
    "totalOtherIncomeExpensesNet": -51000000,
    "incomeBeforeTax": 2327000000,
    "incomeBeforeTaxRatio": 0.202912452,
    "incomeTaxExpense": 338000000,
    "netIncome": 1989000000,
    "netIncomeRatio": 0.173439135,
    "eps": 1.13,
    "epsdiluted": 1.12,
    "weightedAverageShsOut": 1764082193,
    "weightedAverageShsOutDil": 1782000000,
    "link": "https://www.sec.gov/Archives/edgar/data/1800/000110465922025141/0001104659-22-025141-index.htm",
    "finalLink": "https://www.sec.gov/Archives/edgar/data/1800/000110465922025141/abt-20211231x10k.htm"
  },
  {
    "date": "2021-09-30",
    "symbol": "ABT",
    "reportedCurrency": "USD",
    "cik": "0000001800",
    "fillingDate": "2021-11-03",
    "acceptedDate": "2021-11-03 16:04:53",
    "calendarYear": "2021",
    "period": "Q3",
    "revenue": 10928000000,
    "costOfRevenue": 4423000000,
    "grossProfit": 6505000000,
    "grossProfitRatio": 0.5952598829,
    "researchAndDevelopmentExpenses": 672000000,
    "generalAndAdministrativeExpenses": 0,
    "sellingAndMarketingExpenses": 0,
    "sellingGeneralAndAdministrativeExpenses": 2767000000,
    "otherExpenses": 74000000,
    "operatingExpenses": 3959000000,
    "costAndExpenses": 8382000000,
    "interestIncome": 10000000,
    "interestExpense": 123000000,
    "depreciationAndAmortization": 847000000,
    "ebitda": 3461000000,
    "ebitdaratio": 0.3167093704,
    "operatingIncome": 2546000000,
    "operatingIncomeRatio": 0.2329795022,
    "totalOtherIncomeExpensesNet": -53000000,
    "incomeBeforeTax": 2493000000,
    "incomeBeforeTaxRatio": 0.2281295754,
    "incomeTaxExpense": 393000000,
    "netIncome": 2100000000,
    "netIncomeRatio": 0.1921669107,
    "eps": 1.19,
    "epsdiluted": 1.17,
    "weightedAverageShsOut": 1768286969,
    "weightedAverageShsOutDil": 1789000000,
    "link": "https://www.sec.gov/Archives/edgar/data/1800/000110465921133629/0001104659-21-133629-index.htm",
    "finalLink": "https://www.sec.gov/Archives/edgar/data/1800/000110465921133629/abt-20210930x10q.htm"
  },
  {
    "date": "2021-06-30",
    "symbol": "ABT",
    "reportedCurrency": "USD",
    "cik": "0000001800",
    "fillingDate": "2021-08-04",
    "acceptedDate": "2021-08-04 16:01:33",
    "calendarYear": "2021",
    "period": "Q2",
    "revenue": 10223000000,
    "costOfRevenue": 4947000000,
    "grossProfit": 5276000000,
    "grossProfitRatio": 0.516091167,
    "researchAndDevelopmentExpenses": 654000000,
    "generalAndAdministrativeExpenses": 0,
    "sellingAndMarketingExpenses": 0,
    "sellingGeneralAndAdministrativeExpenses": 2726000000,
    "otherExpenses": 79000000,
    "operatingExpenses": 3884000000,
    "costAndExpenses": 8831000000,
    "interestIncome": 11000000,
    "interestExpense": 123000000,
    "depreciationAndAmortization": 874000000,
    "ebitda": 2833000000,
    "ebitdaratio": 0.2771202191,
    "operatingIncome": 1392000000,
    "operatingIncomeRatio": 0.1361635528,
    "totalOtherIncomeExpensesNet": -44000000,
    "incomeBeforeTax": 1348000000,
    "incomeBeforeTaxRatio": 0.1318595324,
    "incomeTaxExpense": 159000000,
    "netIncome": 1189000000,
    "netIncomeRatio": 0.116306368,
    "eps": 0.67,
    "epsdiluted": 0.66,
    "weightedAverageShsOut": 1772817349,
    "weightedAverageShsOutDil": 1793000000,
    "link": "https://www.sec.gov/Archives/edgar/data/1800/000110465921100055/0001104659-21-100055-index.htm",
    "finalLink": "https://www.sec.gov/Archives/edgar/data/1800/000110465921100055/abt-20210630x10q.htm"
  },
  {
    "date": "2021-03-31",
    "symbol": "ABT",
    "reportedCurrency": "USD",
    "cik": "0000001800",
    "fillingDate": "2021-05-05",
    "acceptedDate": "2021-05-05 16:01:22",
    "calendarYear": "2021",
    "period": "Q1",
    "revenue": 10456000000,
    "costOfRevenue": 4401000000,
    "grossProfit": 6055000000,
    "grossProfitRatio": 0.5790933435,
    "researchAndDevelopmentExpenses": 654000000,
    "generalAndAdministrativeExpenses": 0,
    "sellingAndMarketingExpenses": 0,
    "sellingGeneralAndAdministrativeExpenses": 2783000000,
    "otherExpenses": 61000000,
    "operatingExpenses": 3946000000,
    "costAndExpenses": 8347000000,
    "interestIncome": 11000000,
    "interestExpense": 124000000,
    "depreciationAndAmortization": 934000000,
    "ebitda": 3110000000,
    "ebitdaratio": 0.2974368783,
    "operatingIncome": 2109000000,
    "operatingIncomeRatio": 0.2017023718,
    "totalOtherIncomeExpensesNet": -66000000,
    "incomeBeforeTax": 2043000000,
    "incomeBeforeTaxRatio": 0.1953902066,
    "incomeTaxExpense": 250000000,
    "netIncome": 1793000000,
    "netIncomeRatio": 0.1714804897,
    "eps": 1.01,
    "epsdiluted": 1,
    "weightedAverageShsOut": 1776820148,
    "weightedAverageShsOutDil": 1792000000,
    "link": "https://www.sec.gov/Archives/edgar/data/1800/000110465921061693/0001104659-21-061693-index.htm",
    "finalLink": "https://www.sec.gov/Archives/edgar/data/1800/000110465921061693/abt-20210331x10q.htm"
  },
  {
    "date": "2020-12-31",
    "symbol": "ABT",
    "reportedCurrency": "USD",
    "cik": "0000001800",
    "fillingDate": "2021-02-19",
    "acceptedDate": "2021-02-19 16:10:04",
    "calendarYear": "2020",
    "period": "Q4",
    "revenue": 10701000000,
    "costOfRevenue": 4493000000,
    "grossProfit": 6208000000,
    "grossProfitRatio": 0.5801326979,
    "researchAndDevelopmentExpenses": 698000000,
    "generalAndAdministrativeExpenses": 2548000000,
    "sellingAndMarketingExpenses": 22000000,
    "sellingGeneralAndAdministrativeExpenses": 2570000000,
    "otherExpenses": 78000000,
    "operatingExpenses": 3776000000,
    "costAndExpenses": 8269000000,
    "interestIncome": 9000000,
    "interestExpense": 127000000,
    "depreciationAndAmortization": 866000000,
    "ebitda": 3551000000,
    "ebitdaratio": 0.331838146,
    "operatingIncome": 2432000000,
    "operatingIncomeRatio": 0.2272684796,
    "totalOtherIncomeExpensesNet": -44000000,
    "incomeBeforeTax": 2388000000,
    "incomeBeforeTaxRatio": 0.2231567143,
    "incomeTaxExpense": 230000000,
    "netIncome": 2162000000,
    "netIncomeRatio": 0.2020371928,
    "eps": 1.22,
    "epsdiluted": 1.21,
    "weightedAverageShsOut": 1771230274,
    "weightedAverageShsOutDil": 1789000000,
    "link": "https://www.sec.gov/Archives/edgar/data/1800/000110465921025751/0001104659-21-025751-index.htm",
    "finalLink": "https://www.sec.gov/Archives/edgar/data/1800/000110465921025751/abt-20201231x10k.htm"
  },
  {
    "date": "2020-09-30",
    "symbol": "ABT",
    "reportedCurrency": "USD",
    "cik": "0000001800",
    "fillingDate": "2020-11-04",
    "acceptedDate": "2020-11-04 16:01:05",
    "calendarYear": "2020",
    "period": "Q3",
    "revenue": 8853000000,
    "costOfRevenue": 3966000000,
    "grossProfit": 4887000000,
    "grossProfitRatio": 0.5520162657,
    "researchAndDevelopmentExpenses": 580000000,
    "generalAndAdministrativeExpenses": 0,
    "sellingAndMarketingExpenses": 0,
    "sellingGeneralAndAdministrativeExpenses": 2302000000,
    "otherExpenses": 46000000,
    "operatingExpenses": 3392000000,
    "costAndExpenses": 7358000000,
    "interestIncome": 10000000,
    "interestExpense": 127000000,
    "depreciationAndAmortization": 808000000,
    "ebitda": 2255000000,
    "ebitdaratio": 0.2547159155,
    "operatingIncome": 1495000000,
    "operatingIncomeRatio": 0.1688693098,
    "totalOtherIncomeExpensesNet": -74000000,
    "incomeBeforeTax": 1421000000,
    "incomeBeforeTaxRatio": 0.1605105614,
    "incomeTaxExpense": 189000000,
    "netIncome": 1232000000,
    "netIncomeRatio": 0.139161866,
    "eps": 0.7,
    "epsdiluted": 0.69,
    "weightedAverageShsOut": 1772361581,
    "weightedAverageShsOutDil": 1788000000,
    "link": "https://www.sec.gov/Archives/edgar/data/1800/000110465920121336/0001104659-20-121336-index.htm",
    "finalLink": "https://www.sec.gov/Archives/edgar/data/1800/000110465920121336/abt-20200930x10q.htm"
  },
  {
    "date": "2020-06-30",
    "symbol": "ABT",
    "reportedCurrency": "USD",
    "cik": "0000001800",
    "fillingDate": "2020-07-29",
    "acceptedDate": "2020-07-29 17:16:23",
    "calendarYear": "2020",
    "period": "Q2",
    "revenue": 7328000000,
    "costOfRevenue": 3263000000,
    "grossProfit": 4065000000,
    "grossProfitRatio": 0.5547216157,
    "researchAndDevelopmentExpenses": 564000000,
    "generalAndAdministrativeExpenses": 0,
    "sellingAndMarketingExpenses": 0,
    "sellingGeneralAndAdministrativeExpenses": 2276000000,
    "otherExpenses": -22000000,
    "operatingExpenses": 3393000000,
    "costAndExpenses": 6656000000,
    "interestIncome": 9000000,
    "interestExpense": 125000000,
    "depreciationAndAmortization": 825000000,
    "ebitda": 1552000000,
    "ebitdaratio": 0.211790393,
    "operatingIncome": 672000000,
    "operatingIncomeRatio": 0.0917030568,
    "totalOtherIncomeExpensesNet": -146000000,
    "incomeBeforeTax": 526000000,
    "incomeBeforeTaxRatio": 0.071779476,
    "incomeTaxExpense": -11000000,
    "netIncome": 537000000,
    "netIncomeRatio": 0.0732805677,
    "eps": 0.3,
    "epsdiluted": 0.3,
    "weightedAverageShsOut": 1770529999,
    "weightedAverageShsOutDil": 1785000000,
    "link": "https://www.sec.gov/Archives/edgar/data/1800/000110465920087850/0001104659-20-087850-index.htm",
    "finalLink": "https://www.sec.gov/Archives/edgar/data/1800/000110465920087850/abt-20200630x10q.htm"
  },
  {
    "date": "2020-03-31",
    "symbol": "ABT",
    "reportedCurrency": "USD",
    "cik": "0000001800",
    "fillingDate": "2020-04-29",
    "acceptedDate": "2020-04-29 16:16:47",
    "calendarYear": "2020",
    "period": "Q1",
    "revenue": 7726000000,
    "costOfRevenue": 3281000000,
    "grossProfit": 4445000000,
    "grossProfitRatio": 0.5753300544,
    "researchAndDevelopmentExpenses": 578000000,
    "generalAndAdministrativeExpenses": 2548000000,
    "sellingAndMarketingExpenses": 0,
    "sellingGeneralAndAdministrativeExpenses": 2548000000,
    "otherExpenses": 1000000,
    "operatingExpenses": 3687000000,
    "costAndExpenses": 6968000000,
    "interestIncome": 18000000,
    "interestExpense": 121000000,
    "depreciationAndAmortization": 828000000,
    "ebitda": 1634000000,
    "ebitdaratio": 0.2114936578,
    "operatingIncome": 758000000,
    "operatingIncomeRatio": 0.098110277,
    "totalOtherIncomeExpensesNet": -125000000,
    "incomeBeforeTax": 633000000,
    "incomeBeforeTaxRatio": 0.0819311416,
    "incomeTaxExpense": 89000000,
    "netIncome": 564000000,
    "netIncomeRatio": 0.0730002589,
    "eps": 0.32,
    "epsdiluted": 0.32,
    "weightedAverageShsOut": 1768845326,
    "weightedAverageShsOutDil": 1781000000,
    "link": "https://www.sec.gov/Archives/edgar/data/1800/000110465920053384/0001104659-20-053384-index.htm",
    "finalLink": "https://www.sec.gov/Archives/edgar/data/1800/000110465920053384/abt-20200331x10q.htm"
  }
]