[
  {
    "date": "2024-12-31",
    "symbol": "ABT",
    "reportedCurrency": "USD",
    "cik": "0000001800",
    "fillingDate": "2025-02-21",
    "acceptedDate": "2025-02-21 16:07:20",
    "calendarYear": "2024",
    "period": "FY",
    "revenue": 41950000000,
    "costOfRevenue": 18706000000,
    "grossProfit": 23244000000,
    "grossProfitRatio": 0.5540882002,
    "researchAndDevelopmentExpenses": 2844000000,
    "generalAndAdministrativeExpenses": 0,
    "sellingAndMarketingExpenses": 0,
    "sellingGeneralAndAdministrativeExpenses": 11697000000,
    "otherExpenses": 1878000000,
    "operatingExpenses": 16419000000,
    "costAndExpenses": 35125000000,
    "interestIncome": 344000000,
    "interestExpense": 559000000,
    "depreciationAndAmortization": 3218000000,
    "ebitda": 10834000000,
    "ebitdaratio": 0.2582598331,
    "operatingIncome": 6825000000,
    "operatingIncomeRatio": 0.162693683,
    "totalOtherIncomeExpensesNet": 188000000,
    "incomeBeforeTax": 7013000000,
    "incomeBeforeTaxRatio": 0.1671752086,
    "incomeTaxExpense": -6389000000,
    "netIncome": 13402000000,
    "netIncomeRatio": 0.3194755662,
    "eps": 7.74,
    "epsdiluted": 7.64,
    "weightedAverageShsOut": 1731697991,
    "weightedAverageShsOutDil": 1748000000,
    "link": "https://www.sec.gov/Archives/edgar/data/1800/000162828025007110/0001628280-25-007110-index.htm",
    "finalLink": "https://www.sec.gov/Archives/edgar/data/1800/000162828025007110/abt-20241231.htm"
  },
  {
    "date": "2023-12-31",
    "symbol": "ABT",
    "reportedCurrency": "USD",
    "cik": "0000001800",
    "fillingDate": "2024-02-16",
    "acceptedDate": "2024-02-16 16:15:58",
    "calendarYear": "2023",
    "period": "FY",
    "revenue": 40109000000,
    "costOfRevenue": 17975000000,
    "grossProfit": 22134000000,
    "grossProfitRatio": 0.5518462191,
    "researchAndDevelopmentExpenses": 2741000000,
    "generalAndAdministrativeExpenses": 0,
    "sellingAndMarketingExpenses": 0,
    "sellingGeneralAndAdministrativeExpenses": 10949000000,
    "otherExpenses": 1966000000,
    "operatingExpenses": 15656000000,
    "costAndExpenses": 33631000000,
    "interestIncome": 385000000,
    "interestExpense": 637000000,
    "depreciationAndAmortization": 3243000000,
    "ebitda": 10605000000,
    "ebitdaratio": 0.2644044977,
    "operatingIncome": 6478000000,
    "operatingIncomeRatio": 0.1615098856,
    "totalOtherIncomeExpensesNet": 186000000,
    "incomeBeforeTax": 6664000000,
    "incomeBeforeTaxRatio": 0.1661472487,
    "incomeTaxExpense": 941000000,
    "netIncome": 5723000000,
    "netIncomeRatio": 0.1426861802,
    "eps": 3.3,
    "epsdiluted": 3.27,
    "weightedAverageShsOut": 1734076358,
    "weightedAverageShsOutDil": 1749000000,
    "link": "https://www.sec.gov/Archives/edgar/data/1800/000162828024005348/0001628280-24-005348-index.htm",
    "finalLink": "https://www.sec.gov/Archives/edgar/data/1800/000162828024005348/abt-20231231.htm"
  },
  {
    "date": "2022-12-31",
    "symbol": "ABT",
    "reportedCurrency": "USD",
    "cik": "0000001800",
    "fillingDate": "2023-02-17",
    "acceptedDate": "2023-02-17 16:09:44",
    "calendarYear": "2022",
    "period": "FY",
    "revenue": 43653000000,
    "costOfRevenue": 19142000000,
    "grossProfit": 24511000000,
    "grossProfitRatio": 0.5614963462,
    "researchAndDevelopmentExpenses": 2888000000,
    "generalAndAdministrativeExpenses": 0,
    "sellingAndMarketingExpenses": 0,
    "sellingGeneralAndAdministrativeExpenses": 11248000000,
    "otherExpenses": 2013000000,
    "operatingExpenses": 16149000000,
    "costAndExpenses": 35291000000,
    "interestIncome": 183000000,
    "interestExpense": 375000000,
    "depreciationAndAmortization": 3267000000,
    "ebitda": 12380000000,
    "ebitdaratio": 0.2836002108,
    "operatingIncome": 8362000000,
    "operatingIncomeRatio": 0.1915561359,
    "totalOtherIncomeExpensesNet": -56000000,
    "incomeBeforeTax": 8306000000,
    "incomeBeforeTaxRatio": 0.1902732916,
    "incomeTaxExpense": 1373000000,
    "netIncome": 6933000000,
    "netIncomeRatio": 0.1588206996,
    "eps": 3.94,
    "epsdiluted": 3.91,
    "weightedAverageShsOut": 1753000000,
    "weightedAverageShsOutDil": 1764000000,
    "link": "https://www.sec.gov/Archives/edgar/data/1800/000162828023004026/0001628280-23-004026-index.htm",
    "finalLink": "https://www.sec.gov/Archives/edgar/data/1800/000162828023004026/abt-20221231.htm"
  },
  {
    "date": "2021-12-31",
    "symbol": "ABT",
    "reportedCurrency": "USD",
    "cik": "0000001800",
    "fillingDate": "2022-02-18",
    "acceptedDate": "2022-02-18 16:02:57",
    "calendarYear": "2021",
    "period": "FY",
    "revenue": 43075000000,
    "costOfRevenue": 18537000000,
    "grossProfit": 24538000000,
    "grossProfitRatio": 0.569657574,
    "researchAndDevelopmentExpenses": 2742000000,
    "generalAndAdministrativeExpenses": 0,
    "sellingAndMarketingExpenses": 0,
    "sellingGeneralAndAdministrativeExpenses": 11324000000,
    "otherExpenses": 2047000000,
    "operatingExpenses": 16113000000,
    "costAndExpenses": 34650000000,
    "interestIncome": 43000000,
    "interestExpense": 490000000,
    "depreciationAndAmortization": 3538000000,
    "ebitda": 12742000000,
    "ebitdaratio": 0.2958096344,
    "operatingIncome": 8425000000,
    "operatingIncomeRatio": 0.1955890888,
    "totalOtherIncomeExpensesNet": -214000000,
    "incomeBeforeTax": 8211000000,
    "incomeBeforeTaxRatio": 0.1906210099,
    "incomeTaxExpense": 1140000000,
    "netIncome": 7071000000,
    "netIncomeRatio": 0.1641555427,
    "eps": 3.97,
    "epsdiluted": 3.94,
    "weightedAverageShsOut": 1775000000,
    "weightedAverageShsOutDil": 1789000000,
    "link": "https://www.sec.gov/Archives/edgar/data/1800/000110465922025141/0001104659-22-025141-index.htm",
    "finalLink": "https://www.sec.gov/Archives/edgar/data/1800/000110465922025141/abt-20211231x10k.htm"
  },
  {
    "date": "2020-12-31",
    "symbol": "ABT",
    "reportedCurrency": "USD",
    "cik": "0000001800",
    "fillingDate": "2021-02-19",
    "acceptedDate": "2021-02-19 16:10:04",
    "calendarYear": "2020",
    "period": "FY",
    "revenue": 34608000000,
    "costOfRevenue": 15003000000,
    "grossProfit": 19605000000,
    "grossProfitRatio": 0.5664875173,
    "researchAndDevelopmentExpenses": 2420000000,
    "generalAndAdministrativeExpenses": 0,
    "sellingAndMarketingExpenses": 0,
    "sellingGeneralAndAdministrativeExpenses": 9696000000,
    "otherExpenses": 2132000000,
    "operatingExpenses": 14248000000,
    "costAndExpenses": 29251000000,
    "interestIncome": 46000000,
    "interestExpense": 500000000,
    "depreciationAndAmortization": 3327000000,
    "ebitda": 8789000000,
    "ebitdaratio": 0.2539586223,
    "operatingIncome": 5357000000,
    "operatingIncomeRatio": 0.1547907998,
    "totalOtherIncomeExpensesNet": -389000000,
    "incomeBeforeTax": 4968000000,
    "incomeBeforeTaxRatio": 0.1435506241,
    "incomeTaxExpense": 497000000,
    "netIncome": 4495000000,
    "netIncomeRatio": 0.129883264,
    "eps": 2.52,
    "epsdiluted": 2.5,
    "weightedAverageShsOut": 1773000000,
    "weightedAverageShsOutDil": 1786000000,
    "link": "https://www.sec.gov/Archives/edgar/data/1800/000110465921025751/0001104659-21-025751-index.htm",
    "finalLink": "https://www.sec.gov/Archives/edgar/data/1800/000110465921025751/abt-20201231x10k.htm"
  },
  {
    "date": "2019-12-31",
    "symbol": "ABT",
    "reportedCurrency": "USD",
    "cik": "0000001800",
    "fillingDate": "2020-02-21",
    "acceptedDate": "2020-02-21 16:28:23",
    "calendarYear": "2019",
    "period": "FY",
    "revenue": 31904000000,
    "costOfRevenue": 13231000000,
    "grossProfit": 18673000000,
    "grossProfitRatio": 0.5852871113,
    "researchAndDevelopmentExpenses": 2440000000,
    "generalAndAdministrativeExpenses": 0,
    "sellingAndMarketingExpenses": 0,
    "sellingGeneralAndAdministrativeExpenses": 9765000000,
    "otherExpenses": 1936000000,
    "operatingExpenses": 14141000000,
    "costAndExpenses": 27372000000,
    "interestIncome": 94000000,
    "interestExpense": 576000000,
    "depreciationAndAmortization": 3014000000,
    "ebitda": 7771000000,
    "ebitdaratio": 0.2435744734,
    "operatingIncome": 4532000000,
    "operatingIncomeRatio": 0.1420511535,
    "totalOtherIncomeExpensesNet": -455000000,
    "incomeBeforeTax": 4077000000,
    "incomeBeforeTaxRatio": 0.1277896189,
    "incomeTaxExpense": 390000000,
    "netIncome": 3687000000,
    "netIncomeRatio": 0.1155654463,
    "eps": 2.07,
    "epsdiluted": 2.06,
    "weightedAverageShsOut": 1768000000,
    "weightedAverageShsOutDil": 1781000000,
    "link": "https://www.sec.gov/Archives/edgar/data/1800/000110465920023904/0001104659-20-023904-index.htm",
    "finalLink": "https://www.sec.gov/Archives/edgar/data/1800/000110465920023904/abt-20191231x10k59d41b.htm"
  },
  {
    "date": "2018-12-31",
    "symbol": "ABT",
    "reportedCurrency": "USD",
    "cik": "0000001800",
    "fillingDate": "2019-02-22",
    "acceptedDate": "2019-02-22 16:13:21",
    "calendarYear": "2018",
    "period": "FY",
    "revenue": 30578000000,
    "costOfRevenue": 12706000000,
    "grossProfit": 17872000000,
    "grossProfitRatio": 0.5844724966,
    "researchAndDevelopmentExpenses": 2300000000,
    "generalAndAdministrativeExpenses": 9744000000,
    "sellingAndMarketingExpenses": 0,
    "sellingGeneralAndAdministrativeExpenses": 9744000000,
    "otherExpenses": 139000000,
    "operatingExpenses": 14222000000,
    "costAndExpenses": 26928000000,
    "interestIncome": 105000000,
    "interestExpense": 721000000,
    "depreciationAndAmortization": 3278000000,
    "ebitda": 7116000000,
    "ebitdaratio": 0.232716332,
    "operatingIncome": 3650000000,
    "operatingIncomeRatio": 0.1193668651,
    "totalOtherIncomeExpensesNet": -777000000,
    "incomeBeforeTax": 2873000000,
    "incomeBeforeTaxRatio": 0.0939564393,
    "incomeTaxExpense": 539000000,
    "netIncome": 2368000000,
    "netIncomeRatio": 0.0774412977,
    "eps": 1.35,
    "epsdiluted": 1.34,
    "weightedAverageShsOut": 1755619422,
    "weightedAverageShsOutDil": 1770000000,
    "link": "https://www.sec.gov/Archives/edgar/data/1800/000104746919000624/0001047469-19-000624-index.htm",
    "finalLink": "https://www.sec.gov/Archives/edgar/data/1800/000104746919000624/a2237733z10-k.htm"
  },
  {
    "date": "2017-12-31",
    "symbol": "ABT",
    "reportedCurrency": "USD",
    "cik": "0000001800",
    "fillingDate": "2018-02-16",
    "acceptedDate": "2018-02-16 16:04:37",
    "calendarYear": "2017",
    "period": "FY",
    "revenue": 27390000000,
    "costOfRevenue": 12337000000,
    "grossProfit": 15053000000,
    "grossProfitRatio": 0.5495801387,
    "researchAndDevelopmentExpenses": 2235000000,
    "generalAndAdministrativeExpenses": 9117000000,
    "sellingAndMarketingExpenses": 0,
    "sellingGeneralAndAdministrativeExpenses": 9117000000,
    "otherExpenses": 1251000000,
    "operatingExpenses": 13327000000,
    "costAndExpenses": 25664000000,
    "interestIncome": 124000000,
    "interestExpense": 780000000,
    "depreciationAndAmortization": 3021000000,
    "ebitda": 6132000000,
    "ebitdaratio": 0.2238773275,
    "operatingIncome": 1726000000,
    "operatingIncomeRatio": 0.0630156992,
    "totalOtherIncomeExpensesNet": 667000000,
    "incomeBeforeTax": 2231000000,
    "incomeBeforeTaxRatio": 0.0814530851,
    "incomeTaxExpense": 1878000000,
    "netIncome": 477000000,
    "netIncomeRatio": 0.017415115,
    "eps": 0.27,
    "epsdiluted": 0.27,
    "weightedAverageShsOut": 1743602469,
    "weightedAverageShsOutDil": 1749000000,
    "link": "https://www.sec.gov/Archives/edgar/data/1800/000104746918000856/0001047469-18-000856-index.htm",
    "finalLink": "https://www.sec.gov/Archives/edgar/data/1800/000104746918000856/a2234264z10-k.htm"
  },
  {
    "date": "2016-12-31",
    "symbol": "ABT",
    "reportedCurrency": "USD",
    "cik": "0000001800",
    "fillingDate": "2017-02-17",
    "acceptedDate": "2017-02-17 16:17:24",
    "calendarYear": "2016",
    "period": "FY",
    "revenue": 20853000000,
    "costOfRevenue": 9024000000,
    "grossProfit": 11829000000,
    "grossProfitRatio": 0.5672565099,
    "researchAndDevelopmentExpenses": 1422000000,
    "generalAndAdministrativeExpenses": 6672000000,
    "sellingAndMarketingExpenses": 0,
    "sellingGeneralAndAdministrativeExpenses": 6672000000,
    "otherExpenses": -945000000,
    "operatingExpenses": 8644000000,
    "costAndExpenses": 17668000000,
    "interestIncome": 99000000,
    "interestExpense": 332000000,
    "depreciationAndAmortization": 1353000000,
    "ebitda": 3070000000,
    "ebitdaratio": 0.1472210234,
    "operatingIncome": 3185000000,
    "operatingIncomeRatio": 0.1527358174,
    "totalOtherIncomeExpensesNet": -1613000000,
    "incomeBeforeTax": 1413000000,
    "incomeBeforeTaxRatio": 0.0677600345,
    "incomeTaxExpense": 350000000,
    "netIncome": 1400000000,
    "netIncomeRatio": 0.067136623,
    "eps": 0.95,
    "epsdiluted": 0.94,
    "weightedAverageShsOut": 1472869205,
    "weightedAverageShsOutDil": 1483000000,
    "link": "https://www.sec.gov/Archives/edgar/data/1800/000104746917000744/0001047469-17-000744-index.htm",
    "finalLink": "https://www.sec.gov/Archives/edgar/data/1800/000104746917000744/a2230875z10-k.htm"
  },
  {
    "date": "2015-12-31",
    "symbol": "ABT",
    "reportedCurrency": "USD",
    "cik": "0000001800",
    "fillingDate": "2016-02-19",
    "acceptedDate": "2016-02-19 15:48:41",
    "calendarYear": "2015",
    "period": "FY",
    "revenue": 20405000000,
    "costOfRevenue": 8747000000,
    "grossProfit": 11658000000,
    "grossProfitRatio": 0.5713305562,
    "researchAndDevelopmentExpenses": 1405000000,
    "generalAndAdministrativeExpenses": 6785000000,
    "sellingAndMarketingExpenses": 0,
    "sellingGeneralAndAdministrativeExpenses": 6785000000,
    "otherExpenses": 281000000,
    "operatingExpenses": 8791000000,
    "costAndExpenses": 17538000000,
    "interestIncome": 105000000,
    "interestExpense": 58000000,
    "depreciationAndAmortization": 601000000,
    "ebitda": 4833000000,
    "ebitdaratio": 0.2368537123,
    "operatingIncome": 2867000000,
    "operatingIncomeRatio": 0.1405047782,
    "totalOtherIncomeExpensesNet": 316000000,
    "incomeBeforeTax": 3183000000,
    "incomeBeforeTaxRatio": 0.1559911786,
    "incomeTaxExpense": 577000000,
    "netIncome": 4423000000,
    "netIncomeRatio": 0.2167605979,
    "eps": 3,
    "epsdiluted": 2.94,
    "weightedAverageShsOut": 1472665052,
    "weightedAverageShsOutDil": 1506000000,
    "link": "https://www.sec.gov/Archives/edgar/data/1800/000104746916010246/0001047469-16-010246-index.htm",
    "finalLink": "https://www.sec.gov/Archives/edgar/data/1800/000104746916010246/a2227279z10-k.htm"
  }
]