[
  {
    "date": "2024-12-31",
    "symbol": "ADP",
    "reportedCurrency": "USD",
    "cik": "0000008670",
    "fillingDate": "2025-01-30",
    "acceptedDate": "2025-01-30 14:40:43",
    "calendarYear": "2025",
    "period": "Q2",
    "revenue": 5048400000,
    "costOfRevenue": 2742500000,
    "grossProfit": 2305900000,
    "grossProfitRatio": 0.456758577,
    "researchAndDevelopmentExpenses": 239500000,
    "generalAndAdministrativeExpenses": 0,
    "sellingAndMarketingExpenses": 0,
    "sellingGeneralAndAdministrativeExpenses": 1006100000,
    "otherExpenses": 1130500000,
    "operatingExpenses": 2376100000,
    "costAndExpenses": 5118600000,
    "interestIncome": 356700000,
    "interestExpense": 129600000,
    "depreciationAndAmortization": 126900000,
    "ebitda": 1517800000,
    "ebitdaratio": 0.3006497108,
    "operatingIncome": -70200000,
    "operatingIncomeRatio": -0.0139053958,
    "totalOtherIncomeExpensesNet": 1331500000,
    "incomeBeforeTax": 1261300000,
    "incomeBeforeTaxRatio": 0.249841534,
    "incomeTaxExpense": 298100000,
    "netIncome": 963200000,
    "netIncomeRatio": 0.1907931226,
    "eps": 2.36,
    "epsdiluted": 2.35,
    "weightedAverageShsOut": 407900000,
    "weightedAverageShsOutDil": 409500000,
    "link": "https://www.sec.gov/Archives/edgar/data/8670/000000867025000007/0000008670-25-000007-index.htm",
    "finalLink": "https://www.sec.gov/Archives/edgar/data/8670/000000867025000007/adp-20241231.htm"
  },
  {
    "date": "2024-09-30",
    "symbol": "ADP",
    "reportedCurrency": "USD",
    "cik": "0000008670",
    "fillingDate": "2024-11-01",
    "acceptedDate": "2024-11-01 13:08:12",
    "calendarYear": "2025",
    "period": "Q1",
    "revenue": 4832700000,
    "costOfRevenue": 2633700000,
    "grossProfit": 2199000000,
    "grossProfitRatio": 0.4550251412,
    "researchAndDevelopmentExpenses": 232600000,
    "generalAndAdministrativeExpenses": 0,
    "sellingAndMarketingExpenses": 0,
    "sellingGeneralAndAdministrativeExpenses": 926700000,
    "otherExpenses": 1019000000,
    "operatingExpenses": 1945700000,
    "costAndExpenses": 3560700000,
    "interestIncome": 345000000,
    "interestExpense": 137800000,
    "depreciationAndAmortization": 138600000,
    "ebitda": 1513700000,
    "ebitdaratio": 0.313220353,
    "operatingIncome": 1272000000,
    "operatingIncomeRatio": 0.263206903,
    "totalOtherIncomeExpensesNet": -35800000,
    "incomeBeforeTax": 1236200000,
    "incomeBeforeTaxRatio": 0.2557990357,
    "incomeTaxExpense": 279900000,
    "netIncome": 956300000,
    "netIncomeRatio": 0.1978811017,
    "eps": 2.34,
    "epsdiluted": 2.34,
    "weightedAverageShsOut": 407900000,
    "weightedAverageShsOutDil": 409500000,
    "link": "https://www.sec.gov/Archives/edgar/data/8670/000000867024000030/0000008670-24-000030-index.htm",
    "finalLink": "https://www.sec.gov/Archives/edgar/data/8670/000000867024000030/adp-20240930.htm"
  },
  {
    "date": "2024-06-30",
    "symbol": "ADP",
    "reportedCurrency": "USD",
    "cik": "0000008670",
    "fillingDate": "2024-08-07",
    "acceptedDate": "2024-08-07 15:06:59",
    "calendarYear": "2024",
    "period": "Q4",
    "revenue": 4768500000,
    "costOfRevenue": 2408300000,
    "grossProfit": 2360200000,
    "grossProfitRatio": 0.4949564853,
    "researchAndDevelopmentExpenses": 247900000,
    "generalAndAdministrativeExpenses": 0,
    "sellingAndMarketingExpenses": 0,
    "sellingGeneralAndAdministrativeExpenses": 1043600000,
    "otherExpenses": 989300000,
    "operatingExpenses": 1262600000,
    "costAndExpenses": 3670900000,
    "interestIncome": 82000000,
    "interestExpense": 102200000,
    "depreciationAndAmortization": 135700000,
    "ebitda": 1328300000,
    "ebitdaratio": 0.2785571983,
    "operatingIncome": 1097600000,
    "operatingIncomeRatio": 0.2301772046,
    "totalOtherIncomeExpensesNet": -8200000,
    "incomeBeforeTax": 1089400000,
    "incomeBeforeTaxRatio": 0.2284575862,
    "incomeTaxExpense": 260100000,
    "netIncome": 829300000,
    "netIncomeRatio": 0.1739121317,
    "eps": 2.03,
    "epsdiluted": 2.02,
    "weightedAverageShsOut": 408900000,
    "weightedAverageShsOutDil": 410600000,
    "link": "https://www.sec.gov/Archives/edgar/data/8670/000000867024000024/0000008670-24-000024-index.htm",
    "finalLink": "https://www.sec.gov/Archives/edgar/data/8670/000000867024000024/adp-20240630.htm"
  },
  {
    "date": "2024-03-31",
    "symbol": "ADP",
    "reportedCurrency": "USD",
    "cik": "0000008670",
    "fillingDate": "2024-05-02",
    "acceptedDate": "2024-05-02 12:41:00",
    "calendarYear": "2024",
    "period": "Q3",
    "revenue": 5253800000,
    "costOfRevenue": 2768200000,
    "grossProfit": 2485600000,
    "grossProfitRatio": 0.473105181,
    "researchAndDevelopmentExpenses": 242700000,
    "generalAndAdministrativeExpenses": 0,
    "sellingAndMarketingExpenses": 0,
    "sellingGeneralAndAdministrativeExpenses": 940900000,
    "otherExpenses": 1222900000,
    "operatingExpenses": 932500000,
    "costAndExpenses": 3700700000,
    "interestIncome": 55900000,
    "interestExpense": 62700000,
    "depreciationAndAmortization": 144600000,
    "ebitda": 1752500000,
    "ebitdaratio": 0.3335680841,
    "operatingIncome": 1553100000,
    "operatingIncomeRatio": 0.2956146028,
    "totalOtherIncomeExpensesNet": -6800000,
    "incomeBeforeTax": 1546300000,
    "incomeBeforeTaxRatio": 0.2943203015,
    "incomeTaxExpense": 361400000,
    "netIncome": 1184900000,
    "netIncomeRatio": 0.2255319959,
    "eps": 2.89,
    "epsdiluted": 2.88,
    "weightedAverageShsOut": 410500000,
    "weightedAverageShsOutDil": 412100000,
    "link": "https://www.sec.gov/Archives/edgar/data/8670/000000867024000014/0000008670-24-000014-index.htm",
    "finalLink": "https://www.sec.gov/Archives/edgar/data/8670/000000867024000014/adp-20240331.htm"
  },
  {
    "date": "2023-12-31",
    "symbol": "ADP",
    "reportedCurrency": "USD",
    "cik": "0000008670",
    "fillingDate": "2024-02-01",
    "acceptedDate": "2024-02-01 15:48:23",
    "calendarYear": "2024",
    "period": "Q2",
    "revenue": 4668000000,
    "costOfRevenue": 2561600000,
    "grossProfit": 2106400000,
    "grossProfitRatio": 0.4512425021,
    "researchAndDevelopmentExpenses": 228700000,
    "generalAndAdministrativeExpenses": 0,
    "sellingAndMarketingExpenses": 0,
    "sellingGeneralAndAdministrativeExpenses": 922500000,
    "otherExpenses": 8500000,
    "operatingExpenses": 922500000,
    "costAndExpenses": 3484100000,
    "interestIncome": 56900000,
    "interestExpense": 104900000,
    "depreciationAndAmortization": 140100000,
    "ebitda": 1389900000,
    "ebitdaratio": 0.2977506427,
    "operatingIncome": 1183900000,
    "operatingIncomeRatio": 0.2536203942,
    "totalOtherIncomeExpensesNet": -48600000,
    "incomeBeforeTax": 1143800000,
    "incomeBeforeTaxRatio": 0.2450299914,
    "incomeTaxExpense": 265400000,
    "netIncome": 878400000,
    "netIncomeRatio": 0.1881748072,
    "eps": 2.14,
    "epsdiluted": 2.13,
    "weightedAverageShsOut": 411100000,
    "weightedAverageShsOutDil": 412500000,
    "link": "https://www.sec.gov/Archives/edgar/data/8670/000000867024000007/0000008670-24-000007-index.htm",
    "finalLink": "https://www.sec.gov/Archives/edgar/data/8670/000000867024000007/adp-20231231.htm"
  },
  {
    "date": "2023-09-30",
    "symbol": "ADP",
    "reportedCurrency": "USD",
    "cik": "0000008670",
    "fillingDate": "2023-11-02",
    "acceptedDate": "2023-11-02 12:51:01",
    "calendarYear": "2024",
    "period": "Q1",
    "revenue": 4512400000,
    "costOfRevenue": 2515400000,
    "grossProfit": 1997000000,
    "grossProfitRatio": 0.4425582838,
    "researchAndDevelopmentExpenses": 236500000,
    "generalAndAdministrativeExpenses": 0,
    "sellingAndMarketingExpenses": 0,
    "sellingGeneralAndAdministrativeExpenses": 880300000,
    "otherExpenses": 8500000,
    "operatingExpenses": 880300000,
    "costAndExpenses": 3395700000,
    "interestIncome": 46500000,
    "interestExpense": 91600000,
    "depreciationAndAmortization": 141500000,
    "ebitda": 1327000000,
    "ebitdaratio": 0.2940785391,
    "operatingIncome": 1116700000,
    "operatingIncomeRatio": 0.2474736282,
    "totalOtherIncomeExpensesNet": -32400000,
    "incomeBeforeTax": 1092800000,
    "incomeBeforeTaxRatio": 0.242177112,
    "incomeTaxExpense": 233400000,
    "netIncome": 859400000,
    "netIncomeRatio": 0.190452974,
    "eps": 2.09,
    "epsdiluted": 2.08,
    "weightedAverageShsOut": 411700000,
    "weightedAverageShsOutDil": 413600000,
    "link": "https://www.sec.gov/Archives/edgar/data/8670/000000867023000040/0000008670-23-000040-index.htm",
    "finalLink": "https://www.sec.gov/Archives/edgar/data/8670/000000867023000040/adp-20230930.htm"
  },
  {
    "date": "2023-06-30",
    "symbol": "ADP",
    "reportedCurrency": "USD",
    "cik": "0000008670",
    "fillingDate": "2023-08-03",
    "acceptedDate": "2023-08-03 16:49:01",
    "calendarYear": "2023",
    "period": "Q4",
    "revenue": 4477800000,
    "costOfRevenue": 2485300000,
    "grossProfit": 1992500000,
    "grossProfitRatio": 0.4449729778,
    "researchAndDevelopmentExpenses": 222300000,
    "generalAndAdministrativeExpenses": 0,
    "sellingAndMarketingExpenses": 0,
    "sellingGeneralAndAdministrativeExpenses": 957400000,
    "otherExpenses": 13100000,
    "operatingExpenses": 957200000,
    "costAndExpenses": 3442500000,
    "interestIncome": 66700000,
    "interestExpense": 106900000,
    "depreciationAndAmortization": 140400000,
    "ebitda": 1253900000,
    "ebitdaratio": 0.2800259056,
    "operatingIncome": 1035300000,
    "operatingIncomeRatio": 0.2312072893,
    "totalOtherIncomeExpensesNet": -29700000,
    "incomeBeforeTax": 1005600000,
    "incomeBeforeTaxRatio": 0.2245745679,
    "incomeTaxExpense": 228900000,
    "netIncome": 776700000,
    "netIncomeRatio": 0.1734557149,
    "eps": 1.88,
    "epsdiluted": 1.87,
    "weightedAverageShsOut": 412400000,
    "weightedAverageShsOutDil": 414300000,
    "link": "https://www.sec.gov/Archives/edgar/data/8670/000000867023000030/0000008670-23-000030-index.htm",
    "finalLink": "https://www.sec.gov/Archives/edgar/data/8670/000000867023000030/adp-20230630.htm"
  },
  {
    "date": "2023-03-31",
    "symbol": "ADP",
    "reportedCurrency": "USD",
    "cik": "0000008670",
    "fillingDate": "2023-05-01",
    "acceptedDate": "2023-05-01 12:35:43",
    "calendarYear": "2023",
    "period": "Q3",
    "revenue": 4927800000,
    "costOfRevenue": 2623800000,
    "grossProfit": 2304000000,
    "grossProfitRatio": 0.4675514428,
    "researchAndDevelopmentExpenses": 208600000,
    "generalAndAdministrativeExpenses": 0,
    "sellingAndMarketingExpenses": 0,
    "sellingGeneralAndAdministrativeExpenses": 938000000,
    "otherExpenses": 13100000,
    "operatingExpenses": 924900000,
    "costAndExpenses": 3548700000,
    "interestIncome": 24100000,
    "interestExpense": 38300000,
    "depreciationAndAmortization": 137000000,
    "ebitda": 1538200000,
    "ebitdaratio": 0.3121474086,
    "operatingIncome": 1379100000,
    "operatingIncomeRatio": 0.2798611957,
    "totalOtherIncomeExpensesNet": -15100000,
    "incomeBeforeTax": 1364000000,
    "incomeBeforeTaxRatio": 0.2767969479,
    "incomeTaxExpense": 320900000,
    "netIncome": 1043100000,
    "netIncomeRatio": 0.2116766103,
    "eps": 2.52,
    "epsdiluted": 2.51,
    "weightedAverageShsOut": 413700000,
    "weightedAverageShsOutDil": 415500000,
    "link": "https://www.sec.gov/Archives/edgar/data/8670/000000867023000017/0000008670-23-000017-index.htm",
    "finalLink": "https://www.sec.gov/Archives/edgar/data/8670/000000867023000017/adp-20230331.htm"
  },
  {
    "date": "2022-12-31",
    "symbol": "ADP",
    "reportedCurrency": "USD",
    "cik": "0000008670",
    "fillingDate": "2023-02-02",
    "acceptedDate": "2023-02-02 14:37:14",
    "calendarYear": "2023",
    "period": "Q2",
    "revenue": 4203800000,
    "costOfRevenue": 2450700000,
    "grossProfit": 1753100000,
    "grossProfitRatio": 0.4170274514,
    "researchAndDevelopmentExpenses": 204200000,
    "generalAndAdministrativeExpenses": 0,
    "sellingAndMarketingExpenses": 0,
    "sellingGeneralAndAdministrativeExpenses": 855700000,
    "otherExpenses": 13100000,
    "operatingExpenses": 855700000,
    "costAndExpenses": 3306400000,
    "interestIncome": 216100000,
    "interestExpense": 57000000,
    "depreciationAndAmortization": 136800000,
    "ebitda": 1250800000,
    "ebitdaratio": 0.2975403207,
    "operatingIncome": 897400000,
    "operatingIncomeRatio": 0.213473524,
    "totalOtherIncomeExpensesNet": 160699999,
    "incomeBeforeTax": 1058100000,
    "incomeBeforeTaxRatio": 0.2517008421,
    "incomeTaxExpense": 245000000,
    "netIncome": 813100000,
    "netIncomeRatio": 0.1934202388,
    "eps": 1.96,
    "epsdiluted": 1.95,
    "weightedAverageShsOut": 414300000,
    "weightedAverageShsOutDil": 416200000,
    "link": "https://www.sec.gov/Archives/edgar/data/8670/000000867023000008/0000008670-23-000008-index.htm",
    "finalLink": "https://www.sec.gov/Archives/edgar/data/8670/000000867023000008/adp-20221231.htm"
  },
  {
    "date": "2022-09-30",
    "symbol": "ADP",
    "reportedCurrency": "USD",
    "cik": "0000008670",
    "fillingDate": "2022-11-02",
    "acceptedDate": "2022-11-02 11:53:10",
    "calendarYear": "2023",
    "period": "Q1",
    "revenue": 4074600000,
    "costOfRevenue": 2393600000,
    "grossProfit": 1681000000,
    "grossProfitRatio": 0.4125558337,
    "researchAndDevelopmentExpenses": 209800000,
    "generalAndAdministrativeExpenses": 0,
    "sellingAndMarketingExpenses": 0,
    "sellingGeneralAndAdministrativeExpenses": 800300000,
    "otherExpenses": 11600000,
    "operatingExpenses": 800300000,
    "costAndExpenses": 3193900000,
    "interestIncome": 170700000,
    "interestExpense": 51200000,
    "depreciationAndAmortization": 135100000,
    "ebitda": 1197400000,
    "ebitdaratio": 0.2938693369,
    "operatingIncome": 880700000,
    "operatingIncomeRatio": 0.216143916,
    "totalOtherIncomeExpensesNet": 129300000,
    "incomeBeforeTax": 1010000000,
    "incomeBeforeTaxRatio": 0.2478770922,
    "incomeTaxExpense": 231000000,
    "netIncome": 779000000,
    "netIncomeRatio": 0.1911844107,
    "eps": 1.88,
    "epsdiluted": 1.87,
    "weightedAverageShsOut": 414600000,
    "weightedAverageShsOutDil": 416900000,
    "link": "https://www.sec.gov/Archives/edgar/data/8670/000000867022000046/0000008670-22-000046-index.htm",
    "finalLink": "https://www.sec.gov/Archives/edgar/data/8670/000000867022000046/adp-20220930.htm"
  },
  {
    "date": "2022-06-30",
    "symbol": "ADP",
    "reportedCurrency": "USD",
    "cik": "0000008670",
    "fillingDate": "2022-08-03",
    "acceptedDate": "2022-08-03 14:16:38",
    "calendarYear": "2022",
    "period": "Q4",
    "revenue": 4000800000,
    "costOfRevenue": 2385900000,
    "grossProfit": 1614900000,
    "grossProfitRatio": 0.4036442711,
    "researchAndDevelopmentExpenses": 212800000,
    "generalAndAdministrativeExpenses": 0,
    "sellingAndMarketingExpenses": 0,
    "sellingGeneralAndAdministrativeExpenses": 914200000,
    "otherExpenses": 8600000,
    "operatingExpenses": 914200000,
    "costAndExpenses": 3300100000,
    "interestIncome": 143900000,
    "interestExpense": 26600000,
    "depreciationAndAmortization": 130500000,
    "ebitda": 961500000,
    "ebitdaratio": 0.2403269346,
    "operatingIncome": 700700000,
    "operatingIncomeRatio": 0.175139972,
    "totalOtherIncomeExpensesNet": -24300000,
    "incomeBeforeTax": 803300000,
    "incomeBeforeTaxRatio": 0.200784843,
    "incomeTaxExpense": 177900000,
    "netIncome": 625400000,
    "netIncomeRatio": 0.1563187363,
    "eps": 1.5,
    "epsdiluted": 1.5,
    "weightedAverageShsOut": 415800000,
    "weightedAverageShsOutDil": 418400000,
    "link": "https://www.sec.gov/Archives/edgar/data/8670/000000867022000038/0000008670-22-000038-index.htm",
    "finalLink": "https://www.sec.gov/Archives/edgar/data/8670/000000867022000038/adp-20220630.htm"
  },
  {
    "date": "2022-03-31",
    "symbol": "ADP",
    "reportedCurrency": "USD",
    "cik": "0000008670",
    "fillingDate": "2022-04-29",
    "acceptedDate": "2022-04-29 11:43:53",
    "calendarYear": "2022",
    "period": "Q3",
    "revenue": 4395000000,
    "costOfRevenue": 2512200000,
    "grossProfit": 1882800000,
    "grossProfitRatio": 0.4283959044,
    "researchAndDevelopmentExpenses": 197300000,
    "generalAndAdministrativeExpenses": 0,
    "sellingAndMarketingExpenses": 0,
    "sellingGeneralAndAdministrativeExpenses": 817500000,
    "otherExpenses": 17800000,
    "operatingExpenses": 817500000,
    "costAndExpenses": 3329700000,
    "interestIncome": 123600000,
    "interestExpense": 18400000,
    "depreciationAndAmortization": 129000000,
    "ebitda": 1336200000,
    "ebitdaratio": 0.3040273038,
    "operatingIncome": 1065300000,
    "operatingIncomeRatio": 0.2423890785,
    "totalOtherIncomeExpensesNet": 6600000,
    "incomeBeforeTax": 1189900000,
    "incomeBeforeTaxRatio": 0.2707394767,
    "incomeTaxExpense": 261400000,
    "netIncome": 928500000,
    "netIncomeRatio": 0.2112627986,
    "eps": 2.22,
    "epsdiluted": 2.21,
    "weightedAverageShsOut": 418100000,
    "weightedAverageShsOutDil": 420200000,
    "link": "https://www.sec.gov/Archives/edgar/data/8670/000000867022000023/0000008670-22-000023-index.htm",
    "finalLink": "https://www.sec.gov/Archives/edgar/data/8670/000000867022000023/adp-20220331.htm"
  },
  {
    "date": "2021-12-31",
    "symbol": "ADP",
    "reportedCurrency": "USD",
    "cik": "0000008670",
    "fillingDate": "2022-01-31",
    "acceptedDate": "2022-01-31 15:19:08",
    "calendarYear": "2022",
    "period": "Q2",
    "revenue": 3919400000,
    "costOfRevenue": 2341200000,
    "grossProfit": 1578200000,
    "grossProfitRatio": 0.402663673,
    "researchAndDevelopmentExpenses": 199700000,
    "generalAndAdministrativeExpenses": 0,
    "sellingAndMarketingExpenses": 0,
    "sellingGeneralAndAdministrativeExpenses": 782300000,
    "otherExpenses": 17700000,
    "operatingExpenses": 782300000,
    "costAndExpenses": 3123500000,
    "interestIncome": 114500000,
    "interestExpense": 18400000,
    "depreciationAndAmortization": 126500000,
    "ebitda": 1055000000,
    "ebitdaratio": 0.2691738531,
    "operatingIncome": 795900000,
    "operatingIncomeRatio": 0.2030667959,
    "totalOtherIncomeExpensesNet": 8200000,
    "incomeBeforeTax": 910100000,
    "incomeBeforeTaxRatio": 0.2322039088,
    "incomeTaxExpense": 215700000,
    "netIncome": 694400000,
    "netIncomeRatio": 0.177169975,
    "eps": 1.65,
    "epsdiluted": 1.65,
    "weightedAverageShsOut": 419800000,
    "weightedAverageShsOutDil": 422000000,
    "link": "https://www.sec.gov/Archives/edgar/data/8670/000000867022000014/0000008670-22-000014-index.htm",
    "finalLink": "https://www.sec.gov/Archives/edgar/data/8670/000000867022000014/adp-20211231.htm"
  },
  {
    "date": "2021-09-30",
    "symbol": "ADP",
    "reportedCurrency": "USD",
    "cik": "0000008670",
    "fillingDate": "2021-10-29",
    "acceptedDate": "2021-10-29 11:51:44",
    "calendarYear": "2022",
    "period": "Q1",
    "revenue": 3731200000,
    "costOfRevenue": 2222600000,
    "grossProfit": 1508600000,
    "grossProfitRatio": 0.4043203259,
    "researchAndDevelopmentExpenses": 188800000,
    "generalAndAdministrativeExpenses": 0,
    "sellingAndMarketingExpenses": 0,
    "sellingGeneralAndAdministrativeExpenses": 719200000,
    "otherExpenses": 17700000,
    "operatingExpenses": 719200000,
    "costAndExpenses": 2941800000,
    "interestIncome": 110800000,
    "interestExpense": 18500000,
    "depreciationAndAmortization": 129100000,
    "ebitda": 1048400000,
    "ebitdaratio": 0.2809819897,
    "operatingIncome": 789400000,
    "operatingIncomeRatio": 0.2115673242,
    "totalOtherIncomeExpensesNet": 10300000,
    "incomeBeforeTax": 900800000,
    "incomeBeforeTaxRatio": 0.2414236707,
    "incomeTaxExpense": 200300000,
    "netIncome": 700500000,
    "netIncomeRatio": 0.1877412093,
    "eps": 1.66,
    "epsdiluted": 1.65,
    "weightedAverageShsOut": 421400000,
    "weightedAverageShsOutDil": 423800000,
    "link": "https://www.sec.gov/Archives/edgar/data/8670/000000867021000035/0000008670-21-000035-index.htm",
    "finalLink": "https://www.sec.gov/Archives/edgar/data/8670/000000867021000035/adp-20210930.htm"
  },
  {
    "date": "2021-06-30",
    "symbol": "ADP",
    "reportedCurrency": "USD",
    "cik": "0000008670",
    "fillingDate": "2021-08-04",
    "acceptedDate": "2021-08-04 14:06:37",
    "calendarYear": "2021",
    "period": "Q4",
    "revenue": 3633700000,
    "costOfRevenue": 2205500000,
    "grossProfit": 1428200000,
    "grossProfitRatio": 0.3930429039,
    "researchAndDevelopmentExpenses": 194900000,
    "generalAndAdministrativeExpenses": 0,
    "sellingAndMarketingExpenses": 0,
    "sellingGeneralAndAdministrativeExpenses": 840700000,
    "otherExpenses": 18300000,
    "operatingExpenses": 840700000,
    "costAndExpenses": 3046200000,
    "interestIncome": 110700000,
    "interestExpense": 17200000,
    "depreciationAndAmortization": 126000000,
    "ebitda": 840300000,
    "ebitdaratio": 0.231251892,
    "operatingIncome": 587500000,
    "operatingIncomeRatio": 0.1616809313,
    "totalOtherIncomeExpensesNet": 6300000,
    "incomeBeforeTax": 697100000,
    "incomeBeforeTaxRatio": 0.191843025,
    "incomeTaxExpense": 158900000,
    "netIncome": 538200000,
    "netIncomeRatio": 0.1481134931,
    "eps": 1.27,
    "epsdiluted": 1.26,
    "weightedAverageShsOut": 423300000,
    "weightedAverageShsOutDil": 425700000,
    "link": "https://www.sec.gov/Archives/edgar/data/8670/000000867021000027/0000008670-21-000027-index.htm",
    "finalLink": "https://www.sec.gov/Archives/edgar/data/8670/000000867021000027/adp-20210630.htm"
  },
  {
    "date": "2021-03-31",
    "symbol": "ADP",
    "reportedCurrency": "USD",
    "cik": "0000008670",
    "fillingDate": "2021-04-30",
    "acceptedDate": "2021-04-30 12:22:42",
    "calendarYear": "2021",
    "period": "Q3",
    "revenue": 3994600000,
    "costOfRevenue": 2278100000,
    "grossProfit": 1716500000,
    "grossProfitRatio": 0.4297051019,
    "researchAndDevelopmentExpenses": 0,
    "generalAndAdministrativeExpenses": 0,
    "sellingAndMarketingExpenses": 0,
    "sellingGeneralAndAdministrativeExpenses": 763000000,
    "otherExpenses": 15500000,
    "operatingExpenses": 763000000,
    "costAndExpenses": 3041100000,
    "interestIncome": 112100000,
    "interestExpense": 13500000,
    "depreciationAndAmortization": 126900000,
    "ebitda": 1206600000,
    "ebitdaratio": 0.302057778,
    "operatingIncome": 953500000,
    "operatingIncomeRatio": 0.2386972413,
    "totalOtherIncomeExpensesNet": 5300000,
    "incomeBeforeTax": 1066200000,
    "incomeBeforeTaxRatio": 0.2669103289,
    "incomeTaxExpense": 255500000,
    "netIncome": 810700000,
    "netIncomeRatio": 0.2029489811,
    "eps": 1.9,
    "epsdiluted": 1.9,
    "weightedAverageShsOut": 425800000,
    "weightedAverageShsOutDil": 427700000,
    "link": "https://www.sec.gov/Archives/edgar/data/8670/000000867021000014/0000008670-21-000014-index.htm",
    "finalLink": "https://www.sec.gov/Archives/edgar/data/8670/000000867021000014/adp-20210331.htm"
  },
  {
    "date": "2020-12-31",
    "symbol": "ADP",
    "reportedCurrency": "USD",
    "cik": "0000008670",
    "fillingDate": "2021-02-01",
    "acceptedDate": "2021-02-01 15:25:31",
    "calendarYear": "2021",
    "period": "Q2",
    "revenue": 3590300000,
    "costOfRevenue": 2122400000,
    "grossProfit": 1467900000,
    "grossProfitRatio": 0.408851628,
    "researchAndDevelopmentExpenses": 0,
    "generalAndAdministrativeExpenses": 0,
    "sellingAndMarketingExpenses": 0,
    "sellingGeneralAndAdministrativeExpenses": 755800000,
    "otherExpenses": 11500000,
    "operatingExpenses": 755800000,
    "costAndExpenses": 2878200000,
    "interestIncome": 115800000,
    "interestExpense": 13900000,
    "depreciationAndAmortization": 126700000,
    "ebitda": 973200000,
    "ebitdaratio": 0.2710636994,
    "operatingIncome": 712100000,
    "operatingIncomeRatio": 0.1983399716,
    "totalOtherIncomeExpensesNet": 15100000,
    "incomeBeforeTax": 832600000,
    "incomeBeforeTaxRatio": 0.2319026265,
    "incomeTaxExpense": 185100000,
    "netIncome": 647500000,
    "netIncomeRatio": 0.1803470462,
    "eps": 1.51,
    "epsdiluted": 1.51,
    "weightedAverageShsOut": 427400000,
    "weightedAverageShsOutDil": 429000000,
    "link": "https://www.sec.gov/Archives/edgar/data/8670/000000867021000007/0000008670-21-000007-index.htm",
    "finalLink": "https://www.sec.gov/Archives/edgar/data/8670/000000867021000007/adp-20201231.htm"
  },
  {
    "date": "2020-09-30",
    "symbol": "ADP",
    "reportedCurrency": "USD",
    "cik": "0000008670",
    "fillingDate": "2020-10-30",
    "acceptedDate": "2020-10-30 12:09:46",
    "calendarYear": "2021",
    "period": "Q1",
    "revenue": 3364200000,
    "costOfRevenue": 2034300000,
    "grossProfit": 1329900000,
    "grossProfitRatio": 0.3953094346,
    "researchAndDevelopmentExpenses": 0,
    "generalAndAdministrativeExpenses": 0,
    "sellingAndMarketingExpenses": 0,
    "sellingGeneralAndAdministrativeExpenses": 681000000,
    "otherExpenses": 13400000,
    "operatingExpenses": 681000000,
    "costAndExpenses": 2715300000,
    "interestIncome": 120300000,
    "interestExpense": 15100000,
    "depreciationAndAmortization": 131100000,
    "ebitda": 911400000,
    "ebitdaratio": 0.2709113608,
    "operatingIncome": 648900000,
    "operatingIncomeRatio": 0.1928838951,
    "totalOtherIncomeExpensesNet": 9800000,
    "incomeBeforeTax": 765200000,
    "incomeBeforeTaxRatio": 0.227453778,
    "incomeTaxExpense": 163100000,
    "netIncome": 602100000,
    "netIncomeRatio": 0.1789727127,
    "eps": 1.4,
    "epsdiluted": 1.4,
    "weightedAverageShsOut": 428600000,
    "weightedAverageShsOutDil": 430000000,
    "link": "https://www.sec.gov/Archives/edgar/data/8670/000000867020000038/0000008670-20-000038-index.htm",
    "finalLink": "https://www.sec.gov/Archives/edgar/data/8670/000000867020000038/adp-20200930.htm"
  },
  {
    "date": "2020-06-30",
    "symbol": "ADP",
    "reportedCurrency": "USD",
    "cik": "0000008670",
    "fillingDate": "2020-08-05",
    "acceptedDate": "2020-08-05 17:28:42",
    "calendarYear": "2020",
    "period": "Q4",
    "revenue": 3262000000,
    "costOfRevenue": 2067200000,
    "grossProfit": 1194800000,
    "grossProfitRatio": 0.3662783568,
    "researchAndDevelopmentExpenses": 0,
    "generalAndAdministrativeExpenses": 2237400000,
    "sellingAndMarketingExpenses": -1471800000,
    "sellingGeneralAndAdministrativeExpenses": 765600000,
    "otherExpenses": 13400000,
    "operatingExpenses": 765600000,
    "costAndExpenses": 2832800000,
    "interestIncome": 129300000,
    "interestExpense": 15600000,
    "depreciationAndAmortization": 124500000,
    "ebitda": 671400000,
    "ebitdaratio": 0.2058246475,
    "operatingIncome": 429200000,
    "operatingIncomeRatio": 0.1315757204,
    "totalOtherIncomeExpensesNet": -12800001,
    "incomeBeforeTax": 531300000,
    "incomeBeforeTaxRatio": 0.1628755365,
    "incomeTaxExpense": 119800000,
    "netIncome": 411500000,
    "netIncomeRatio": 0.1261496015,
    "eps": 0.96,
    "epsdiluted": 0.96,
    "weightedAverageShsOut": 429000000,
    "weightedAverageShsOutDil": 430300000,
    "link": "https://www.sec.gov/Archives/edgar/data/8670/000000867020000032/0000008670-20-000032-index.htm",
    "finalLink": "https://www.sec.gov/Archives/edgar/data/8670/000000867020000032/adp-20200630.htm"
  },
  {
    "date": "2020-03-31",
    "symbol": "ADP",
    "reportedCurrency": "USD",
    "cik": "0000008670",
    "fillingDate": "2020-05-01",
    "acceptedDate": "2020-05-01 15:49:44",
    "calendarYear": "2020",
    "period": "Q3",
    "revenue": 3888900000,
    "costOfRevenue": 2239100000,
    "grossProfit": 1649800000,
    "grossProfitRatio": 0.4242330736,
    "researchAndDevelopmentExpenses": 0,
    "generalAndAdministrativeExpenses": 756600000,
    "sellingAndMarketingExpenses": 0,
    "sellingGeneralAndAdministrativeExpenses": 756600000,
    "otherExpenses": 30000000,
    "operatingExpenses": 756600000,
    "costAndExpenses": 2995700000,
    "interestIncome": 171000000,
    "interestExpense": 20000000,
    "depreciationAndAmortization": 120600000,
    "ebitda": 1217300000,
    "ebitdaratio": 0.3130191057,
    "operatingIncome": 893200000,
    "operatingIncomeRatio": 0.2296793438,
    "totalOtherIncomeExpensesNet": 24600000,
    "incomeBeforeTax": 1076700000,
    "incomeBeforeTaxRatio": 0.2768649232,
    "incomeTaxExpense": 255800000,
    "netIncome": 820900000,
    "netIncomeRatio": 0.2110879683,
    "eps": 1.91,
    "epsdiluted": 1.9,
    "weightedAverageShsOut": 430000000,
    "weightedAverageShsOutDil": 431800000,
    "link": "https://www.sec.gov/Archives/edgar/data/8670/000000867020000020/0000008670-20-000020-index.htm",
    "finalLink": "https://www.sec.gov/Archives/edgar/data/8670/000000867020000020/adp-20200331.htm"
  }
]