[
  {
    "date": "2024-06-30",
    "symbol": "ADP",
    "reportedCurrency": "USD",
    "cik": "0000008670",
    "fillingDate": "2024-08-07",
    "acceptedDate": "2024-08-07 15:06:59",
    "calendarYear": "2024",
    "period": "FY",
    "revenue": 19202600000,
    "costOfRevenue": 10476700000,
    "grossProfit": 8725900000,
    "grossProfitRatio": 0.4544124233,
    "researchAndDevelopmentExpenses": 955700000,
    "generalAndAdministrativeExpenses": 0,
    "sellingAndMarketingExpenses": 0,
    "sellingGeneralAndAdministrativeExpenses": 3778900000,
    "otherExpenses": 0,
    "operatingExpenses": 4204399999,
    "costAndExpenses": 14210199999,
    "interestIncome": 1266000000,
    "interestExpense": 361400000,
    "depreciationAndAmortization": 561900000,
    "ebitda": 5800000000,
    "ebitdaratio": 0.3020424318,
    "operatingIncome": 4977200000,
    "operatingIncomeRatio": 0.2591940675,
    "totalOtherIncomeExpensesNet": -104900000,
    "incomeBeforeTax": 4872300000,
    "incomeBeforeTaxRatio": 0.2537312656,
    "incomeTaxExpense": 1120300000,
    "netIncome": 3752000000,
    "netIncomeRatio": 0.1953902076,
    "eps": 9.14,
    "epsdiluted": 9.1,
    "weightedAverageShsOut": 410600000,
    "weightedAverageShsOutDil": 412200000,
    "link": "https://www.sec.gov/Archives/edgar/data/8670/000000867024000024/0000008670-24-000024-index.htm",
    "finalLink": "https://www.sec.gov/Archives/edgar/data/8670/000000867024000024/adp-20240630.htm"
  },
  {
    "date": "2023-06-30",
    "symbol": "ADP",
    "reportedCurrency": "USD",
    "cik": "0000008670",
    "fillingDate": "2023-08-03",
    "acceptedDate": "2023-08-03 16:49:01",
    "calendarYear": "2023",
    "period": "FY",
    "revenue": 18012200000,
    "costOfRevenue": 9953400000,
    "grossProfit": 8058800000,
    "grossProfitRatio": 0.447407868,
    "researchAndDevelopmentExpenses": 844800000,
    "generalAndAdministrativeExpenses": 0,
    "sellingAndMarketingExpenses": 0,
    "sellingGeneralAndAdministrativeExpenses": 3551400000,
    "otherExpenses": 50800000,
    "operatingExpenses": 3551400000,
    "costAndExpenses": 13504800000,
    "interestIncome": 149500000,
    "interestExpense": 253300000,
    "depreciationAndAmortization": 549300000,
    "ebitda": 5244600000,
    "ebitdaratio": 0.2911693186,
    "operatingIncome": 4507400000,
    "operatingIncomeRatio": 0.250241503,
    "totalOtherIncomeExpensesNet": -69800000,
    "incomeBeforeTax": 4437600000,
    "incomeBeforeTaxRatio": 0.2463663517,
    "incomeTaxExpense": 1025600000,
    "netIncome": 3412000000,
    "netIncomeRatio": 0.189427166,
    "eps": 8.25,
    "epsdiluted": 8.21,
    "weightedAverageShsOut": 413700000,
    "weightedAverageShsOutDil": 415700000,
    "link": "https://www.sec.gov/Archives/edgar/data/8670/000000867023000030/0000008670-23-000030-index.htm",
    "finalLink": "https://www.sec.gov/Archives/edgar/data/8670/000000867023000030/adp-20230630.htm"
  },
  {
    "date": "2022-06-30",
    "symbol": "ADP",
    "reportedCurrency": "USD",
    "cik": "0000008670",
    "fillingDate": "2022-08-03",
    "acceptedDate": "2022-08-03 14:16:38",
    "calendarYear": "2022",
    "period": "FY",
    "revenue": 16498300000,
    "costOfRevenue": 9461900000,
    "grossProfit": 7036400000,
    "grossProfitRatio": 0.4264924265,
    "researchAndDevelopmentExpenses": 798600000,
    "generalAndAdministrativeExpenses": 0,
    "sellingAndMarketingExpenses": 0,
    "sellingGeneralAndAdministrativeExpenses": 3233200000,
    "otherExpenses": 61700000,
    "operatingExpenses": 3233200000,
    "costAndExpenses": 12695100000,
    "interestIncome": 41000000,
    "interestExpense": 81900000,
    "depreciationAndAmortization": 515100000,
    "ebitda": 4405500000,
    "ebitdaratio": 0.2670275119,
    "operatingIncome": 3803200000,
    "operatingIncomeRatio": 0.2305207203,
    "totalOtherIncomeExpensesNet": 900000,
    "incomeBeforeTax": 3804100000,
    "incomeBeforeTaxRatio": 0.2305752714,
    "incomeTaxExpense": 855200000,
    "netIncome": 2948900000,
    "netIncomeRatio": 0.1787396277,
    "eps": 7.04,
    "epsdiluted": 7,
    "weightedAverageShsOut": 418800000,
    "weightedAverageShsOutDil": 421100000,
    "link": "https://www.sec.gov/Archives/edgar/data/8670/000000867022000038/0000008670-22-000038-index.htm",
    "finalLink": "https://www.sec.gov/Archives/edgar/data/8670/000000867022000038/adp-20220630.htm"
  },
  {
    "date": "2021-06-30",
    "symbol": "ADP",
    "reportedCurrency": "USD",
    "cik": "0000008670",
    "fillingDate": "2021-08-04",
    "acceptedDate": "2021-08-04 14:06:37",
    "calendarYear": "2021",
    "period": "FY",
    "revenue": 15005400000,
    "costOfRevenue": 8640300000,
    "grossProfit": 6365100000,
    "grossProfitRatio": 0.4241872926,
    "researchAndDevelopmentExpenses": 716600000,
    "generalAndAdministrativeExpenses": 0,
    "sellingAndMarketingExpenses": 0,
    "sellingGeneralAndAdministrativeExpenses": 3040500000,
    "otherExpenses": 58600000,
    "operatingExpenses": 3040500000,
    "costAndExpenses": 11680800000,
    "interestIncome": 36500000,
    "interestExpense": 59700000,
    "depreciationAndAmortization": 510700000,
    "ebitda": 3931600000,
    "ebitdaratio": 0.2620123422,
    "operatingIncome": 3324600000,
    "operatingIncomeRatio": 0.2215602383,
    "totalOtherIncomeExpensesNet": 36600000,
    "incomeBeforeTax": 3361200000,
    "incomeBeforeTaxRatio": 0.2239993602,
    "incomeTaxExpense": 762700000,
    "netIncome": 2598500000,
    "netIncomeRatio": 0.1731709918,
    "eps": 6.1,
    "epsdiluted": 6.07,
    "weightedAverageShsOut": 426300000,
    "weightedAverageShsOutDil": 428100000,
    "link": "https://www.sec.gov/Archives/edgar/data/8670/000000867021000027/0000008670-21-000027-index.htm",
    "finalLink": "https://www.sec.gov/Archives/edgar/data/8670/000000867021000027/adp-20210630.htm"
  },
  {
    "date": "2020-06-30",
    "symbol": "ADP",
    "reportedCurrency": "USD",
    "cik": "0000008670",
    "fillingDate": "2020-08-05",
    "acceptedDate": "2020-08-05 17:28:42",
    "calendarYear": "2020",
    "period": "FY",
    "revenue": 14589800000,
    "costOfRevenue": 8445100000,
    "grossProfit": 6144700000,
    "grossProfitRatio": 0.4211641009,
    "researchAndDevelopmentExpenses": 674100000,
    "generalAndAdministrativeExpenses": 0,
    "sellingAndMarketingExpenses": 0,
    "sellingGeneralAndAdministrativeExpenses": 3003000000,
    "otherExpenses": 74500000,
    "operatingExpenses": 3003000000,
    "costAndExpenses": 11448100000,
    "interestIncome": 84500000,
    "interestExpense": 107100000,
    "depreciationAndAmortization": 480000000,
    "ebitda": 3769700000,
    "ebitdaratio": 0.2583791416,
    "operatingIncome": 3141700000,
    "operatingIncomeRatio": 0.2153353713,
    "totalOtherIncomeExpensesNet": 40900000,
    "incomeBeforeTax": 3182600000,
    "incomeBeforeTaxRatio": 0.2181386996,
    "incomeTaxExpense": 716100000,
    "netIncome": 2466500000,
    "netIncomeRatio": 0.1690564641,
    "eps": 5.73,
    "epsdiluted": 5.7,
    "weightedAverageShsOut": 430800000,
    "weightedAverageShsOutDil": 432700000,
    "link": "https://www.sec.gov/Archives/edgar/data/8670/000000867020000032/0000008670-20-000032-index.htm",
    "finalLink": "https://www.sec.gov/Archives/edgar/data/8670/000000867020000032/adp-20200630.htm"
  },
  {
    "date": "2019-06-30",
    "symbol": "ADP",
    "reportedCurrency": "USD",
    "cik": "0000008670",
    "fillingDate": "2019-08-09",
    "acceptedDate": "2019-08-09 16:04:22",
    "calendarYear": "2019",
    "period": "FY",
    "revenue": 13613300000,
    "costOfRevenue": 8086600000,
    "grossProfit": 5526700000,
    "grossProfitRatio": 0.4059779774,
    "researchAndDevelopmentExpenses": 636300000,
    "generalAndAdministrativeExpenses": 0,
    "sellingAndMarketingExpenses": 0,
    "sellingGeneralAndAdministrativeExpenses": 3064200000,
    "otherExpenses": 6700000,
    "operatingExpenses": 3064200000,
    "costAndExpenses": 11150800000,
    "interestIncome": 659500000,
    "interestExpense": 129900000,
    "depreciationAndAmortization": 409000000,
    "ebitda": 3544500000,
    "ebitdaratio": 0.2603703731,
    "operatingIncome": 2462500000,
    "operatingIncomeRatio": 0.1808892774,
    "totalOtherIncomeExpensesNet": -18800000,
    "incomeBeforeTax": 3005600000,
    "incomeBeforeTaxRatio": 0.2207840862,
    "incomeTaxExpense": 712800000,
    "netIncome": 2292800000,
    "netIncomeRatio": 0.168423527,
    "eps": 5.27,
    "epsdiluted": 5.24,
    "weightedAverageShsOut": 435000000,
    "weightedAverageShsOutDil": 437600000,
    "link": "https://www.sec.gov/Archives/edgar/data/8670/000000867019000021/0000008670-19-000021-index.htm",
    "finalLink": "https://www.sec.gov/Archives/edgar/data/8670/000000867019000021/q4fy1910k.htm"
  },
  {
    "date": "2018-06-30",
    "symbol": "ADP",
    "reportedCurrency": "USD",
    "cik": "0000008670",
    "fillingDate": "2018-08-03",
    "acceptedDate": "2018-08-03 16:50:24",
    "calendarYear": "2018",
    "period": "FY",
    "revenue": 12859300000,
    "costOfRevenue": 7842600000,
    "grossProfit": 5016700000,
    "grossProfitRatio": 0.3901223239,
    "researchAndDevelopmentExpenses": 635400000,
    "generalAndAdministrativeExpenses": 2971500000,
    "sellingAndMarketingExpenses": 0,
    "sellingGeneralAndAdministrativeExpenses": 2971500000,
    "otherExpenses": 0,
    "operatingExpenses": 2971500000,
    "costAndExpenses": 10814100000,
    "interestIncome": 550000000,
    "interestExpense": 102700000,
    "depreciationAndAmortization": 377600000,
    "ebitda": 2762900000,
    "ebitdaratio": 0.2148561741,
    "operatingIncome": 2045200000,
    "operatingIncomeRatio": 0.159044427,
    "totalOtherIncomeExpensesNet": 237400000,
    "incomeBeforeTax": 2171100000,
    "incomeBeforeTaxRatio": 0.1688350066,
    "incomeTaxExpense": 550300000,
    "netIncome": 1620800000,
    "netIncomeRatio": 0.1260410753,
    "eps": 3.68,
    "epsdiluted": 3.66,
    "weightedAverageShsOut": 440600000,
    "weightedAverageShsOutDil": 443300000,
    "link": "https://www.sec.gov/Archives/edgar/data/8670/000000867018000011/0000008670-18-000011-index.htm",
    "finalLink": "https://www.sec.gov/Archives/edgar/data/8670/000000867018000011/q4fy1810k.htm"
  },
  {
    "date": "2017-06-30",
    "symbol": "ADP",
    "reportedCurrency": "USD",
    "cik": "0000008670",
    "fillingDate": "2017-08-04",
    "acceptedDate": "2017-08-04 16:22:32",
    "calendarYear": "2017",
    "period": "FY",
    "revenue": 11982400000,
    "costOfRevenue": 7269800000,
    "grossProfit": 4712600000,
    "grossProfitRatio": 0.3932934971,
    "researchAndDevelopmentExpenses": 627500000,
    "generalAndAdministrativeExpenses": 2783200000,
    "sellingAndMarketingExpenses": 0,
    "sellingGeneralAndAdministrativeExpenses": 2783200000,
    "otherExpenses": 0,
    "operatingExpenses": 2783200000,
    "costAndExpenses": 10053000000,
    "interestIncome": 474100000,
    "interestExpense": 80000000,
    "depreciationAndAmortization": 316100000,
    "ebitda": 2927200000,
    "ebitdaratio": 0.2442916277,
    "operatingIncome": 1929400000,
    "operatingIncomeRatio": 0.1610194953,
    "totalOtherIncomeExpensesNet": 177400000,
    "incomeBeforeTax": 2531100000,
    "incomeBeforeTaxRatio": 0.2112348111,
    "incomeTaxExpense": 797700000,
    "netIncome": 1733400000,
    "netIncomeRatio": 0.1446621712,
    "eps": 3.87,
    "epsdiluted": 3.85,
    "weightedAverageShsOut": 447800000,
    "weightedAverageShsOutDil": 450300000,
    "link": "https://www.sec.gov/Archives/edgar/data/8670/000000867017000010/0000008670-17-000010-index.htm",
    "finalLink": "https://www.sec.gov/Archives/edgar/data/8670/000000867017000010/q4fy1710k.htm"
  },
  {
    "date": "2016-06-30",
    "symbol": "ADP",
    "reportedCurrency": "USD",
    "cik": "0000008670",
    "fillingDate": "2016-08-05",
    "acceptedDate": "2016-08-05 15:09:42",
    "calendarYear": "2016",
    "period": "FY",
    "revenue": 11290500000,
    "costOfRevenue": 6840300000,
    "grossProfit": 4450200000,
    "grossProfitRatio": 0.3941543776,
    "researchAndDevelopmentExpenses": 603700000,
    "generalAndAdministrativeExpenses": 2637000000,
    "sellingAndMarketingExpenses": 0,
    "sellingGeneralAndAdministrativeExpenses": 2637000000,
    "otherExpenses": 0,
    "operatingExpenses": 2637000000,
    "costAndExpenses": 9477300000,
    "interestIncome": 439700000,
    "interestExpense": 56200000,
    "depreciationAndAmortization": 288600000,
    "ebitda": 2579500000,
    "ebitdaratio": 0.2284664098,
    "operatingIncome": 1813200000,
    "operatingIncomeRatio": 0.1605951906,
    "totalOtherIncomeExpensesNet": 44200000,
    "incomeBeforeTax": 2234700000,
    "incomeBeforeTaxRatio": 0.1979274611,
    "incomeTaxExpense": 741300000,
    "netIncome": 1492500000,
    "netIncomeRatio": 0.1321907799,
    "eps": 3.27,
    "epsdiluted": 3.25,
    "weightedAverageShsOut": 457000000,
    "weightedAverageShsOutDil": 459100000,
    "link": "https://www.sec.gov/Archives/edgar/data/8670/000000867016000053/0000008670-16-000053-index.htm",
    "finalLink": "https://www.sec.gov/Archives/edgar/data/8670/000000867016000053/q4fy1610kinq4fy16.htm"
  },
  {
    "date": "2015-06-30",
    "symbol": "ADP",
    "reportedCurrency": "USD",
    "cik": "0000008670",
    "fillingDate": "2015-08-07",
    "acceptedDate": "2015-08-07 14:22:14",
    "calendarYear": "2015",
    "period": "FY",
    "revenue": 10560800000,
    "costOfRevenue": 6427600000,
    "grossProfit": 4133200000,
    "grossProfitRatio": 0.3913718658,
    "researchAndDevelopmentExpenses": 0,
    "generalAndAdministrativeExpenses": 2496900000,
    "sellingAndMarketingExpenses": 0,
    "sellingGeneralAndAdministrativeExpenses": 2496900000,
    "otherExpenses": 0,
    "operatingExpenses": 2496900000,
    "costAndExpenses": 8924500000,
    "interestIncome": 434600000,
    "interestExpense": 6500000,
    "depreciationAndAmortization": 277900000,
    "ebitda": 2355100000,
    "ebitdaratio": 0.2230039391,
    "operatingIncome": 1636300000,
    "operatingIncomeRatio": 0.1549409136,
    "totalOtherIncomeExpensesNet": 56699999,
    "incomeBeforeTax": 2070700000,
    "incomeBeforeTaxRatio": 0.196074161,
    "incomeTaxExpense": 694200000,
    "netIncome": 1452500000,
    "netIncomeRatio": 0.137536929,
    "eps": 3.07,
    "epsdiluted": 3.05,
    "weightedAverageShsOut": 472600000,
    "weightedAverageShsOutDil": 475800000,
    "link": "https://www.sec.gov/Archives/edgar/data/8670/000000867015000021/0000008670-15-000021-index.htm",
    "finalLink": "https://www.sec.gov/Archives/edgar/data/8670/000000867015000021/q4fy1510k.htm"
  }
]