[
  {
    "date": "2024-06-30",
    "symbol": "BHP",
    "reportedCurrency": "USD",
    "cik": "0000811809",
    "fillingDate": "2024-08-30",
    "acceptedDate": "2024-08-30 06:09:53",
    "calendarYear": "2024",
    "period": "FY",
    "revenue": 56027000000,
    "costOfRevenue": 9930000000,
    "grossProfit": 46097000000,
    "grossProfitRatio": 0.8227640245,
    "researchAndDevelopmentExpenses": 0,
    "generalAndAdministrativeExpenses": 11157000000,
    "sellingAndMarketingExpenses": 2270000000,
    "sellingGeneralAndAdministrativeExpenses": 13427000000,
    "otherExpenses": 15133000000,
    "operatingExpenses": 28560000000,
    "costAndExpenses": 38490000000,
    "interestIncome": 694000000,
    "interestExpense": 2182000000,
    "depreciationAndAmortization": 5295000000,
    "ebitda": 23525000000,
    "ebitdaratio": 0.4198868403,
    "operatingIncome": 17537000000,
    "operatingIncomeRatio": 0.3130097988,
    "totalOtherIncomeExpensesNet": -1489000000,
    "incomeBeforeTax": 16048000000,
    "incomeBeforeTaxRatio": 0.2864333268,
    "incomeTaxExpense": 6447000000,
    "netIncome": 7897000000,
    "netIncomeRatio": 0.1409498992,
    "eps": 1.56,
    "epsdiluted": 1.56,
    "weightedAverageShsOut": 5078456591,
    "weightedAverageShsOutDil": 5077000000,
    "link": "https://www.sec.gov/Archives/edgar/data/811809/000119312524210297/0001193125-24-210297-index.htm",
    "finalLink": "https://www.sec.gov/Archives/edgar/data/811809/000119312524210297/d812514d20f.htm"
  },
  {
    "date": "2023-06-30",
    "symbol": "BHP",
    "reportedCurrency": "USD",
    "cik": "0000811809",
    "fillingDate": "2023-09-05",
    "acceptedDate": "2023-09-05 07:56:11",
    "calendarYear": "2023",
    "period": "FY",
    "revenue": 53817000000,
    "costOfRevenue": 26152000000,
    "grossProfit": 27665000000,
    "grossProfitRatio": 0.5140568965,
    "researchAndDevelopmentExpenses": 0,
    "generalAndAdministrativeExpenses": 4944000000,
    "sellingAndMarketingExpenses": 2299000000,
    "sellingGeneralAndAdministrativeExpenses": 5605000000,
    "otherExpenses": 394000000,
    "operatingExpenses": 5605000000,
    "costAndExpenses": 31757000000,
    "interestIncome": 529000000,
    "interestExpense": 1141000000,
    "depreciationAndAmortization": 5061000000,
    "ebitda": 27121000000,
    "ebitdaratio": 0.5039485664,
    "operatingIncome": 22060000000,
    "operatingIncomeRatio": 0.40990765,
    "totalOtherIncomeExpensesNet": -1531000000,
    "incomeBeforeTax": 21022000000,
    "incomeBeforeTaxRatio": 0.3906200643,
    "incomeTaxExpense": 7077000000,
    "netIncome": 12921000000,
    "netIncomeRatio": 0.2400914209,
    "eps": 2.55,
    "epsdiluted": 2.55,
    "weightedAverageShsOut": 5073027090,
    "weightedAverageShsOutDil": 5073000000,
    "link": "",
    "finalLink": ""
  },
  {
    "date": "2022-06-30",
    "symbol": "BHP",
    "reportedCurrency": "USD",
    "cik": "0000811809",
    "fillingDate": "2022-09-06",
    "acceptedDate": "2022-09-06 07:32:57",
    "calendarYear": "2022",
    "period": "FY",
    "revenue": 65098000000,
    "costOfRevenue": 25386000000,
    "grossProfit": 39712000000,
    "grossProfitRatio": 0.6100341024,
    "researchAndDevelopmentExpenses": 0,
    "generalAndAdministrativeExpenses": 4618000000,
    "sellingAndMarketingExpenses": 2319000000,
    "sellingGeneralAndAdministrativeExpenses": 6691000000,
    "otherExpenses": 313000000,
    "operatingExpenses": 6691000000,
    "costAndExpenses": 32077000000,
    "interestIncome": 81000000,
    "interestExpense": 626000000,
    "depreciationAndAmortization": 5683000000,
    "ebitda": 38636000000,
    "ebitdaratio": 0.5935051768,
    "operatingIncome": 33021000000,
    "operatingIncomeRatio": 0.5072506068,
    "totalOtherIncomeExpensesNet": -969000000,
    "incomeBeforeTax": 32480000000,
    "incomeBeforeTaxRatio": 0.4989400596,
    "incomeTaxExpense": 10737000000,
    "netIncome": 22741000000,
    "netIncomeRatio": 0.349334849,
    "eps": 4.48,
    "epsdiluted": 4.48,
    "weightedAverageShsOut": 5071392785,
    "weightedAverageShsOutDil": 5071000000,
    "link": "",
    "finalLink": ""
  },
  {
    "date": "2021-06-30",
    "symbol": "BHP",
    "reportedCurrency": "USD",
    "cik": "0000811809",
    "fillingDate": "2021-09-21",
    "acceptedDate": "2021-09-21 06:06:58",
    "calendarYear": "2021",
    "period": "FY",
    "revenue": 56921000000,
    "costOfRevenue": 22882000000,
    "grossProfit": 34039000000,
    "grossProfitRatio": 0.5980042515,
    "researchAndDevelopmentExpenses": 0,
    "generalAndAdministrativeExpenses": 4357000000,
    "sellingAndMarketingExpenses": 1900000000,
    "sellingGeneralAndAdministrativeExpenses": 1735000000,
    "otherExpenses": 334000000,
    "operatingExpenses": 1735000000,
    "costAndExpenses": 24617000000,
    "interestIncome": 67000000,
    "interestExpense": 722000000,
    "depreciationAndAmortization": 5084000000,
    "ebitda": 30234000000,
    "ebitdaratio": 0.5311572179,
    "operatingIncome": 32304000000,
    "operatingIncomeRatio": 0.5675234096,
    "totalOtherIncomeExpensesNet": -1223000000,
    "incomeBeforeTax": 24217000000,
    "incomeBeforeTaxRatio": 0.4254493069,
    "incomeTaxExpense": 10616000000,
    "netIncome": 11304000000,
    "netIncomeRatio": 0.1985910297,
    "eps": 2.28,
    "epsdiluted": 2.28,
    "weightedAverageShsOut": 5067692307,
    "weightedAverageShsOutDil": 5068000000,
    "link": "",
    "finalLink": ""
  },
  {
    "date": "2020-06-30",
    "symbol": "BHP",
    "reportedCurrency": "USD",
    "cik": "0000811809",
    "fillingDate": "2020-09-22",
    "acceptedDate": "2020-09-22 06:29:37",
    "calendarYear": "2020",
    "period": "FY",
    "revenue": 42931000000,
    "costOfRevenue": 22503000000,
    "grossProfit": 20428000000,
    "grossProfitRatio": 0.4758333139,
    "researchAndDevelopmentExpenses": 0,
    "generalAndAdministrativeExpenses": 3641000000,
    "sellingAndMarketingExpenses": 1838000000,
    "sellingGeneralAndAdministrativeExpenses": 4708000000,
    "otherExpenses": 229000000,
    "operatingExpenses": 4708000000,
    "costAndExpenses": 27211000000,
    "interestIncome": 351000000,
    "interestExpense": 1203000000,
    "depreciationAndAmortization": 4667000000,
    "ebitda": 18046000000,
    "ebitdaratio": 0.420348932,
    "operatingIncome": 15720000000,
    "operatingIncomeRatio": 0.3661689688,
    "totalOtherIncomeExpensesNet": -858000000,
    "incomeBeforeTax": 13514000000,
    "incomeBeforeTaxRatio": 0.3147841886,
    "incomeTaxExpense": 4774000000,
    "netIncome": 7956000000,
    "netIncomeRatio": 0.1853206308,
    "eps": 1.55,
    "epsdiluted": 1.55,
    "weightedAverageShsOut": 5069767441,
    "weightedAverageShsOutDil": 5069000000,
    "link": "",
    "finalLink": ""
  },
  {
    "date": "2019-06-30",
    "symbol": "BHP",
    "reportedCurrency": "USD",
    "cik": "0000811809",
    "fillingDate": "2019-09-17",
    "acceptedDate": "2019-09-16 18:47:41",
    "calendarYear": "2019",
    "period": "FY",
    "revenue": 44288000000,
    "costOfRevenue": 23919000000,
    "grossProfit": 20369000000,
    "grossProfitRatio": 0.4599214234,
    "researchAndDevelopmentExpenses": 0,
    "generalAndAdministrativeExpenses": 4437000000,
    "sellingAndMarketingExpenses": 2378000000,
    "sellingGeneralAndAdministrativeExpenses": 4192000000,
    "otherExpenses": 393000000,
    "operatingExpenses": 4192000000,
    "costAndExpenses": 28111000000,
    "interestIncome": 446000000,
    "interestExpense": 1362000000,
    "depreciationAndAmortization": 5829000000,
    "ebitda": 22443000000,
    "ebitdaratio": 0.5067512645,
    "operatingIncome": 16177000000,
    "operatingIncomeRatio": 0.3652682442,
    "totalOtherIncomeExpensesNet": -1064000000,
    "incomeBeforeTax": 14650000000,
    "incomeBeforeTaxRatio": 0.3307893786,
    "incomeTaxExpense": 5529000000,
    "netIncome": 8306000000,
    "netIncomeRatio": 0.187545159,
    "eps": 1.6,
    "epsdiluted": 1.6,
    "weightedAverageShsOut": 5194441388,
    "weightedAverageShsOutDil": 5193000000,
    "link": "",
    "finalLink": ""
  },
  {
    "date": "2018-06-30",
    "symbol": "BHP",
    "reportedCurrency": "USD",
    "cik": "0000811809",
    "fillingDate": "2018-06-30",
    "acceptedDate": "2018-06-29 20:00:00",
    "calendarYear": "2018",
    "period": "FY",
    "revenue": 43638000000,
    "costOfRevenue": 19372000000,
    "grossProfit": 24266000000,
    "grossProfitRatio": 0.5560749805,
    "researchAndDevelopmentExpenses": 0,
    "generalAndAdministrativeExpenses": 4411000000,
    "sellingAndMarketingExpenses": 2294000000,
    "sellingGeneralAndAdministrativeExpenses": 4411000000,
    "otherExpenses": 247000000,
    "operatingExpenses": 28036000000,
    "costAndExpenses": 28036000000,
    "interestIncome": 322000000,
    "interestExpense": 1443000000,
    "depreciationAndAmortization": 6288000000,
    "ebitda": 22541000000,
    "ebitdaratio": 0.5165452129,
    "operatingIncome": 15996000000,
    "operatingIncomeRatio": 0.366561254,
    "totalOtherIncomeExpensesNet": -1245000000,
    "incomeBeforeTax": 14751000000,
    "incomeBeforeTaxRatio": 0.3380310738,
    "incomeTaxExpense": 7007000000,
    "netIncome": 3705000000,
    "netIncomeRatio": 0.0849030661,
    "eps": 0.69,
    "epsdiluted": 0.69,
    "weightedAverageShsOut": 5337904844,
    "weightedAverageShsOutDil": 5337000000,
    "link": "",
    "finalLink": ""
  },
  {
    "date": "2017-06-30",
    "symbol": "BHP",
    "reportedCurrency": "USD",
    "cik": "0000811809",
    "fillingDate": "2017-06-30",
    "acceptedDate": "2017-06-29 20:00:00",
    "calendarYear": "2017",
    "period": "FY",
    "revenue": 35947000000,
    "costOfRevenue": 6238000000,
    "grossProfit": 29709000000,
    "grossProfitRatio": 0.8264667427,
    "researchAndDevelopmentExpenses": 0,
    "generalAndAdministrativeExpenses": 4256000000,
    "sellingAndMarketingExpenses": 1786000000,
    "sellingGeneralAndAdministrativeExpenses": 10413000000,
    "otherExpenses": 736000000,
    "operatingExpenses": 17665000000,
    "costAndExpenses": 23903000000,
    "interestIncome": 907000000,
    "interestExpense": 1480000000,
    "depreciationAndAmortization": 7719000000,
    "ebitda": 18400000000,
    "ebitdaratio": 0.5118646897,
    "operatingIncome": 12428000000,
    "operatingIncomeRatio": 0.3457312154,
    "totalOtherIncomeExpensesNet": -1417000000,
    "incomeBeforeTax": 11137000000,
    "incomeBeforeTaxRatio": 0.3098172309,
    "incomeTaxExpense": 4443000000,
    "netIncome": 5890000000,
    "netIncomeRatio": 0.1638523382,
    "eps": 1.2,
    "epsdiluted": 1.19,
    "weightedAverageShsOut": 5335211810,
    "weightedAverageShsOutDil": 5336000000,
    "link": "",
    "finalLink": ""
  },
  {
    "date": "2016-06-30",
    "symbol": "BHP",
    "reportedCurrency": "USD",
    "cik": "0000811809",
    "fillingDate": "2016-06-30",
    "acceptedDate": "2016-06-29 20:00:00",
    "calendarYear": "2016",
    "period": "FY",
    "revenue": 30912000000,
    "costOfRevenue": 14073000000,
    "grossProfit": 16839000000,
    "grossProfitRatio": 0.5447399068,
    "researchAndDevelopmentExpenses": 0,
    "generalAndAdministrativeExpenses": 4230000000,
    "sellingAndMarketingExpenses": 2226000000,
    "sellingGeneralAndAdministrativeExpenses": 6456000000,
    "otherExpenses": 444000000,
    "operatingExpenses": 35487000000,
    "costAndExpenses": 35487000000,
    "interestIncome": 137000000,
    "interestExpense": 1161000000,
    "depreciationAndAmortization": 8661000000,
    "ebitda": 10993000000,
    "ebitdaratio": 0.355622412,
    "operatingIncome": -6235000000,
    "operatingIncomeRatio": -0.2017016046,
    "totalOtherIncomeExpensesNet": -1013000000,
    "incomeBeforeTax": -7259000000,
    "incomeBeforeTaxRatio": -0.2348278986,
    "incomeTaxExpense": -1052000000,
    "netIncome": -6385000000,
    "netIncomeRatio": -0.206554089,
    "eps": -1.2,
    "epsdiluted": -1.2,
    "weightedAverageShsOut": 5306878364,
    "weightedAverageShsOutDil": 5322000000,
    "link": "",
    "finalLink": ""
  },
  {
    "date": "2015-06-30",
    "symbol": "BHP",
    "reportedCurrency": "USD",
    "cik": "0000811809",
    "fillingDate": "2015-06-30",
    "acceptedDate": "2015-06-29 20:00:00",
    "calendarYear": "2015",
    "period": "FY",
    "revenue": 44636000000,
    "costOfRevenue": 15659000000,
    "grossProfit": 28977000000,
    "grossProfitRatio": 0.6491845147,
    "researchAndDevelopmentExpenses": 13000000,
    "generalAndAdministrativeExpenses": 5607000000,
    "sellingAndMarketingExpenses": 2644000000,
    "sellingGeneralAndAdministrativeExpenses": 5607000000,
    "otherExpenses": 496000000,
    "operatingExpenses": 37010000000,
    "costAndExpenses": 37010000000,
    "interestIncome": 88000000,
    "interestExpense": 751000000,
    "depreciationAndAmortization": 9158000000,
    "ebitda": 20494000000,
    "ebitdaratio": 0.4591361233,
    "operatingIncome": 8670000000,
    "operatingIncomeRatio": 0.1942378349,
    "totalOtherIncomeExpensesNet": -614000000,
    "incomeBeforeTax": 8056000000,
    "incomeBeforeTaxRatio": 0.1804821221,
    "incomeTaxExpense": 3666000000,
    "netIncome": 1910000000,
    "netIncomeRatio": 0.0427905726,
    "eps": 0.64,
    "epsdiluted": 0.64,
    "weightedAverageShsOut": 5334231205,
    "weightedAverageShsOutDil": 5333000000,
    "link": "",
    "finalLink": ""
  }
]