[
  {
    "date": "2024-12-31",
    "symbol": "AMGN",
    "reportedCurrency": "USD",
    "cik": "0000318154",
    "fillingDate": "2025-02-14",
    "acceptedDate": "2025-02-14 16:18:41",
    "calendarYear": "2024",
    "period": "Q4",
    "revenue": 9086000000,
    "costOfRevenue": 3112000000,
    "grossProfit": 5974000000,
    "grossProfitRatio": 0.6574950473,
    "researchAndDevelopmentExpenses": 1724000000,
    "generalAndAdministrativeExpenses": 0,
    "sellingAndMarketingExpenses": 0,
    "sellingGeneralAndAdministrativeExpenses": 1878000000,
    "otherExpenses": 61000000,
    "operatingExpenses": 3663000000,
    "costAndExpenses": 6775000000,
    "interestIncome": 0,
    "interestExpense": 747000000,
    "depreciationAndAmortization": 1397000000,
    "ebitda": 2926000000,
    "ebitdaratio": 0.3220338983,
    "operatingIncome": 2311000000,
    "operatingIncomeRatio": 0.2543473476,
    "totalOtherIncomeExpensesNet": -1529000000,
    "incomeBeforeTax": 782000000,
    "incomeBeforeTaxRatio": 0.0860664759,
    "incomeTaxExpense": 155000000,
    "netIncome": 627000000,
    "netIncomeRatio": 0.0690072639,
    "eps": 1.16,
    "epsdiluted": 1.16,
    "weightedAverageShsOut": 540517241,
    "weightedAverageShsOutDil": 542000000,
    "link": "https://www.sec.gov/Archives/edgar/data/318154/000031815425000010/0000318154-25-000010-index.htm",
    "finalLink": "https://www.sec.gov/Archives/edgar/data/318154/000031815425000010/amgn-20241231.htm"
  },
  {
    "date": "2024-09-30",
    "symbol": "AMGN",
    "reportedCurrency": "USD",
    "cik": "0000318154",
    "fillingDate": "2024-10-31",
    "acceptedDate": "2024-10-30 18:43:20",
    "calendarYear": "2024",
    "period": "Q3",
    "revenue": 8503000000,
    "costOfRevenue": 3310000000,
    "grossProfit": 5193000000,
    "grossProfitRatio": 0.6107256262,
    "researchAndDevelopmentExpenses": 1450000000,
    "generalAndAdministrativeExpenses": 0,
    "sellingAndMarketingExpenses": 0,
    "sellingGeneralAndAdministrativeExpenses": 1625000000,
    "otherExpenses": 71000000,
    "operatingExpenses": 3146000000,
    "costAndExpenses": 6456000000,
    "interestIncome": 0,
    "interestExpense": 776000000,
    "depreciationAndAmortization": 1396000000,
    "ebitda": 5273000000,
    "ebitdaratio": 0.6201340703,
    "operatingIncome": 2047000000,
    "operatingIncomeRatio": 0.2407385629,
    "totalOtherIncomeExpensesNet": 1054000000,
    "incomeBeforeTax": 3101000000,
    "incomeBeforeTaxRatio": 0.3646948136,
    "incomeTaxExpense": 271000000,
    "netIncome": 2830000000,
    "netIncomeRatio": 0.3328237093,
    "eps": 5.27,
    "epsdiluted": 5.22,
    "weightedAverageShsOut": 537000000,
    "weightedAverageShsOutDil": 542000000,
    "link": "https://www.sec.gov/Archives/edgar/data/318154/000031815424000044/0000318154-24-000044-index.htm",
    "finalLink": "https://www.sec.gov/Archives/edgar/data/318154/000031815424000044/amgn-20240930.htm"
  },
  {
    "date": "2024-06-30",
    "symbol": "AMGN",
    "reportedCurrency": "USD",
    "cik": "0000318154",
    "fillingDate": "2024-08-07",
    "acceptedDate": "2024-08-06 18:54:26",
    "calendarYear": "2024",
    "period": "Q2",
    "revenue": 8388000000,
    "costOfRevenue": 3236000000,
    "grossProfit": 5152000000,
    "grossProfitRatio": 0.6142107773,
    "researchAndDevelopmentExpenses": 1447000000,
    "generalAndAdministrativeExpenses": 0,
    "sellingAndMarketingExpenses": 0,
    "sellingGeneralAndAdministrativeExpenses": 1785000000,
    "otherExpenses": 11000000,
    "operatingExpenses": 3243000000,
    "costAndExpenses": 6479000000,
    "interestIncome": 0,
    "interestExpense": 808000000,
    "depreciationAndAmortization": 1400000000,
    "ebitda": 3002000000,
    "ebitdaratio": 0.357892227,
    "operatingIncome": 1909000000,
    "operatingIncomeRatio": 0.2275870291,
    "totalOtherIncomeExpensesNet": -1115000000,
    "incomeBeforeTax": 794000000,
    "incomeBeforeTaxRatio": 0.0946590367,
    "incomeTaxExpense": 48000000,
    "netIncome": 746000000,
    "netIncomeRatio": 0.0889365761,
    "eps": 1.39,
    "epsdiluted": 1.38,
    "weightedAverageShsOut": 537000000,
    "weightedAverageShsOutDil": 541000000,
    "link": "https://www.sec.gov/Archives/edgar/data/318154/000031815424000035/0000318154-24-000035-index.htm",
    "finalLink": "https://www.sec.gov/Archives/edgar/data/318154/000031815424000035/amgn-20240630.htm"
  },
  {
    "date": "2024-03-31",
    "symbol": "AMGN",
    "reportedCurrency": "USD",
    "cik": "0000318154",
    "fillingDate": "2024-05-03",
    "acceptedDate": "2024-05-02 19:27:57",
    "calendarYear": "2024",
    "period": "Q1",
    "revenue": 7447000000,
    "costOfRevenue": 3200000000,
    "grossProfit": 4247000000,
    "grossProfitRatio": 0.5702967638,
    "researchAndDevelopmentExpenses": 1343000000,
    "generalAndAdministrativeExpenses": 0,
    "sellingAndMarketingExpenses": 0,
    "sellingGeneralAndAdministrativeExpenses": 1808000000,
    "otherExpenses": 105000000,
    "operatingExpenses": 3256000000,
    "costAndExpenses": 6456000000,
    "interestIncome": 0,
    "interestExpense": 824000000,
    "depreciationAndAmortization": 1399000000,
    "ebitda": 2155000000,
    "ebitdaratio": 0.2893782731,
    "operatingIncome": 991000000,
    "operatingIncomeRatio": 0.133073721,
    "totalOtherIncomeExpensesNet": -1059000000,
    "incomeBeforeTax": -68000000,
    "incomeBeforeTaxRatio": -0.0091311938,
    "incomeTaxExpense": 45000000,
    "netIncome": -113000000,
    "netIncomeRatio": -0.0151738955,
    "eps": -0.21,
    "epsdiluted": -0.21,
    "weightedAverageShsOut": 536000000,
    "weightedAverageShsOutDil": 536000000,
    "link": "https://www.sec.gov/Archives/edgar/data/318154/000031815424000020/0000318154-24-000020-index.htm",
    "finalLink": "https://www.sec.gov/Archives/edgar/data/318154/000031815424000020/amgn-20240331.htm"
  },
  {
    "date": "2023-12-31",
    "symbol": "AMGN",
    "reportedCurrency": "USD",
    "cik": "0000318154",
    "fillingDate": "2024-02-14",
    "acceptedDate": "2024-02-14 16:23:32",
    "calendarYear": "2023",
    "period": "Q4",
    "revenue": 8196000000,
    "costOfRevenue": 3112000000,
    "grossProfit": 5084000000,
    "grossProfitRatio": 0.6203025866,
    "researchAndDevelopmentExpenses": 1534000000,
    "generalAndAdministrativeExpenses": 1627000000,
    "sellingAndMarketingExpenses": 647000000,
    "sellingGeneralAndAdministrativeExpenses": 2274000000,
    "otherExpenses": 402000000,
    "operatingExpenses": 3813000000,
    "costAndExpenses": 6925000000,
    "interestIncome": 821000000,
    "interestExpense": 821000000,
    "depreciationAndAmortization": 1380000000,
    "ebitda": 2048000000,
    "ebitdaratio": 0.2498779893,
    "operatingIncome": 1271000000,
    "operatingIncomeRatio": 0.1550756467,
    "totalOtherIncomeExpensesNet": -419000000,
    "incomeBeforeTax": 852000000,
    "incomeBeforeTaxRatio": 0.1039531479,
    "incomeTaxExpense": 85000000,
    "netIncome": 767000000,
    "netIncomeRatio": 0.0935822352,
    "eps": 1.43,
    "epsdiluted": 1.42,
    "weightedAverageShsOut": 535000000,
    "weightedAverageShsOutDil": 540000000,
    "link": "https://www.sec.gov/Archives/edgar/data/318154/000031815424000011/0000318154-24-000011-index.htm",
    "finalLink": "https://www.sec.gov/Archives/edgar/data/318154/000031815424000011/amgn-20231231.htm"
  },
  {
    "date": "2023-09-30",
    "symbol": "AMGN",
    "reportedCurrency": "USD",
    "cik": "0000318154",
    "fillingDate": "2023-10-31",
    "acceptedDate": "2023-10-31 16:21:57",
    "calendarYear": "2023",
    "period": "Q3",
    "revenue": 6903000000,
    "costOfRevenue": 1806000000,
    "grossProfit": 5097000000,
    "grossProfitRatio": 0.7383746197,
    "researchAndDevelopmentExpenses": 1079000000,
    "generalAndAdministrativeExpenses": 0,
    "sellingAndMarketingExpenses": 0,
    "sellingGeneralAndAdministrativeExpenses": 1353000000,
    "otherExpenses": 685000000,
    "operatingExpenses": 3076000000,
    "costAndExpenses": 4882000000,
    "interestIncome": 759000000,
    "interestExpense": 759000000,
    "depreciationAndAmortization": 895000000,
    "ebitda": 3583000000,
    "ebitdaratio": 0.5190496885,
    "operatingIncome": 2021000000,
    "operatingIncomeRatio": 0.2927712589,
    "totalOtherIncomeExpensesNet": -74000000,
    "incomeBeforeTax": 1947000000,
    "incomeBeforeTaxRatio": 0.2820512821,
    "incomeTaxExpense": 217000000,
    "netIncome": 1730000000,
    "netIncomeRatio": 0.2506156743,
    "eps": 3.23,
    "epsdiluted": 3.22,
    "weightedAverageShsOut": 535000000,
    "weightedAverageShsOutDil": 538000000,
    "link": "https://www.sec.gov/Archives/edgar/data/318154/000031815423000064/0000318154-23-000064-index.htm",
    "finalLink": "https://www.sec.gov/Archives/edgar/data/318154/000031815423000064/amgn-20230930.htm"
  },
  {
    "date": "2023-06-30",
    "symbol": "AMGN",
    "reportedCurrency": "USD",
    "cik": "0000318154",
    "fillingDate": "2023-08-04",
    "acceptedDate": "2023-08-03 19:28:03",
    "calendarYear": "2023",
    "period": "Q2",
    "revenue": 6986000000,
    "costOfRevenue": 1813000000,
    "grossProfit": 5173000000,
    "grossProfitRatio": 0.7404809619,
    "researchAndDevelopmentExpenses": 1113000000,
    "generalAndAdministrativeExpenses": 0,
    "sellingAndMarketingExpenses": 0,
    "sellingGeneralAndAdministrativeExpenses": 1294000000,
    "otherExpenses": -318000000,
    "operatingExpenses": 2489000000,
    "costAndExpenses": 4302000000,
    "interestIncome": 752000000,
    "interestExpense": 752000000,
    "depreciationAndAmortization": 896000000,
    "ebitda": 3557000000,
    "ebitdaratio": 0.5091611795,
    "operatingIncome": 2684000000,
    "operatingIncomeRatio": 0.3841969654,
    "totalOtherIncomeExpensesNet": -1070000000,
    "incomeBeforeTax": 1614000000,
    "incomeBeforeTaxRatio": 0.2310334956,
    "incomeTaxExpense": 235000000,
    "netIncome": 1379000000,
    "netIncomeRatio": 0.1973947896,
    "eps": 2.58,
    "epsdiluted": 2.57,
    "weightedAverageShsOut": 535000000,
    "weightedAverageShsOutDil": 537000000,
    "link": "https://www.sec.gov/Archives/edgar/data/318154/000031815423000053/0000318154-23-000053-index.htm",
    "finalLink": "https://www.sec.gov/Archives/edgar/data/318154/000031815423000053/amgn-20230630.htm"
  },
  {
    "date": "2023-03-31",
    "symbol": "AMGN",
    "reportedCurrency": "USD",
    "cik": "0000318154",
    "fillingDate": "2023-04-28",
    "acceptedDate": "2023-04-27 20:38:17",
    "calendarYear": "2023",
    "period": "Q1",
    "revenue": 6105000000,
    "costOfRevenue": 1720000000,
    "grossProfit": 4385000000,
    "grossProfitRatio": 0.7182637183,
    "researchAndDevelopmentExpenses": 1058000000,
    "generalAndAdministrativeExpenses": 0,
    "sellingAndMarketingExpenses": 0,
    "sellingGeneralAndAdministrativeExpenses": 1258000000,
    "otherExpenses": 148000000,
    "operatingExpenses": 2464000000,
    "costAndExpenses": 4184000000,
    "interestIncome": 0,
    "interestExpense": 543000000,
    "depreciationAndAmortization": 900000000,
    "ebitda": 4885000000,
    "ebitdaratio": 0.8001638002,
    "operatingIncome": 1921000000,
    "operatingIncomeRatio": 0.3146601147,
    "totalOtherIncomeExpensesNet": 1521000000,
    "incomeBeforeTax": 3442000000,
    "incomeBeforeTaxRatio": 0.5638001638,
    "incomeTaxExpense": 601000000,
    "netIncome": 2841000000,
    "netIncomeRatio": 0.4653562654,
    "eps": 5.32,
    "epsdiluted": 5.28,
    "weightedAverageShsOut": 534000000,
    "weightedAverageShsOutDil": 538000000,
    "link": "https://www.sec.gov/Archives/edgar/data/318154/000031815423000029/0000318154-23-000029-index.htm",
    "finalLink": "https://www.sec.gov/Archives/edgar/data/318154/000031815423000029/amgn-20230331.htm"
  },
  {
    "date": "2022-12-31",
    "symbol": "AMGN",
    "reportedCurrency": "USD",
    "cik": "0000318154",
    "fillingDate": "2023-02-09",
    "acceptedDate": "2023-02-09 16:26:31",
    "calendarYear": "2022",
    "period": "Q4",
    "revenue": 6839000000,
    "costOfRevenue": 1747000000,
    "grossProfit": 5092000000,
    "grossProfitRatio": 0.7445532973,
    "researchAndDevelopmentExpenses": 1324000000,
    "generalAndAdministrativeExpenses": 731000000,
    "sellingAndMarketingExpenses": 841000000,
    "sellingGeneralAndAdministrativeExpenses": 1572000000,
    "otherExpenses": -34000000,
    "operatingExpenses": 2862000000,
    "costAndExpenses": 4609000000,
    "interestIncome": 415000000,
    "interestExpense": 415000000,
    "depreciationAndAmortization": 911000000,
    "ebitda": 3114000000,
    "ebitdaratio": 0.4553297266,
    "operatingIncome": 1252000000,
    "operatingIncomeRatio": 0.1830677,
    "totalOtherIncomeExpensesNet": -482000000,
    "incomeBeforeTax": 1748000000,
    "incomeBeforeTaxRatio": 0.2555929229,
    "incomeTaxExpense": 132000000,
    "netIncome": 1616000000,
    "netIncomeRatio": 0.2362918555,
    "eps": 3.02,
    "epsdiluted": 3,
    "weightedAverageShsOut": 535000000,
    "weightedAverageShsOutDil": 539000000,
    "link": "https://www.sec.gov/Archives/edgar/data/318154/000031815423000017/0000318154-23-000017-index.htm",
    "finalLink": "https://www.sec.gov/Archives/edgar/data/318154/000031815423000017/amgn-20221231.htm"
  },
  {
    "date": "2022-09-30",
    "symbol": "AMGN",
    "reportedCurrency": "USD",
    "cik": "0000318154",
    "fillingDate": "2022-11-04",
    "acceptedDate": "2022-11-03 19:24:04",
    "calendarYear": "2022",
    "period": "Q3",
    "revenue": 6652000000,
    "costOfRevenue": 1588000000,
    "grossProfit": 5064000000,
    "grossProfitRatio": 0.7612748046,
    "researchAndDevelopmentExpenses": 1112000000,
    "generalAndAdministrativeExpenses": 0,
    "sellingAndMarketingExpenses": 0,
    "sellingGeneralAndAdministrativeExpenses": 1287000000,
    "otherExpenses": 5000000,
    "operatingExpenses": 2404000000,
    "costAndExpenses": 3992000000,
    "interestIncome": 368000000,
    "interestExpense": 368000000,
    "depreciationAndAmortization": 865000000,
    "ebitda": 3645000000,
    "ebitdaratio": 0.5479555021,
    "operatingIncome": 1923000000,
    "operatingIncomeRatio": 0.2890859892,
    "totalOtherIncomeExpensesNet": -268000000,
    "incomeBeforeTax": 2392000000,
    "incomeBeforeTaxRatio": 0.3595911004,
    "incomeTaxExpense": 249000000,
    "netIncome": 2143000000,
    "netIncomeRatio": 0.3221587492,
    "eps": 4.01,
    "epsdiluted": 3.98,
    "weightedAverageShsOut": 535000000,
    "weightedAverageShsOutDil": 538000000,
    "link": "https://www.sec.gov/Archives/edgar/data/318154/000031815422000055/0000318154-22-000055-index.htm",
    "finalLink": "https://www.sec.gov/Archives/edgar/data/318154/000031815422000055/amgn-20220930.htm"
  },
  {
    "date": "2022-06-30",
    "symbol": "AMGN",
    "reportedCurrency": "USD",
    "cik": "0000318154",
    "fillingDate": "2022-08-05",
    "acceptedDate": "2022-08-04 19:53:42",
    "calendarYear": "2022",
    "period": "Q2",
    "revenue": 6594000000,
    "costOfRevenue": 1510000000,
    "grossProfit": 5084000000,
    "grossProfitRatio": 0.771003943,
    "researchAndDevelopmentExpenses": 1039000000,
    "generalAndAdministrativeExpenses": 0,
    "sellingAndMarketingExpenses": 0,
    "sellingGeneralAndAdministrativeExpenses": 1327000000,
    "otherExpenses": -317000000,
    "operatingExpenses": 2908000000,
    "costAndExpenses": 4418000000,
    "interestIncome": 0,
    "interestExpense": 328000000,
    "depreciationAndAmortization": 828000000,
    "ebitda": 3004000000,
    "ebitdaratio": 0.4555656658,
    "operatingIncome": 2176000000,
    "operatingIncomeRatio": 0.3299969669,
    "totalOtherIncomeExpensesNet": -645000000,
    "incomeBeforeTax": 1531000000,
    "incomeBeforeTaxRatio": 0.2321807704,
    "incomeTaxExpense": 214000000,
    "netIncome": 1317000000,
    "netIncomeRatio": 0.1997270246,
    "eps": 2.46,
    "epsdiluted": 2.45,
    "weightedAverageShsOut": 535000000,
    "weightedAverageShsOutDil": 537000000,
    "link": "https://www.sec.gov/Archives/edgar/data/318154/000031815422000041/0000318154-22-000041-index.htm",
    "finalLink": "https://www.sec.gov/Archives/edgar/data/318154/000031815422000041/amgn-20220630.htm"
  },
  {
    "date": "2022-03-31",
    "symbol": "AMGN",
    "reportedCurrency": "USD",
    "cik": "0000318154",
    "fillingDate": "2022-04-28",
    "acceptedDate": "2022-04-27 20:00:34",
    "calendarYear": "2022",
    "period": "Q1",
    "revenue": 6238000000,
    "costOfRevenue": 1561000000,
    "grossProfit": 4677000000,
    "grossProfitRatio": 0.7497595383,
    "researchAndDevelopmentExpenses": 959000000,
    "generalAndAdministrativeExpenses": 0,
    "sellingAndMarketingExpenses": 0,
    "sellingGeneralAndAdministrativeExpenses": 1228000000,
    "otherExpenses": -10000000,
    "operatingExpenses": 2177000000,
    "costAndExpenses": 3738000000,
    "interestIncome": 0,
    "interestExpense": 295000000,
    "depreciationAndAmortization": 841000000,
    "ebitda": 3331000000,
    "ebitdaratio": 0.5339852517,
    "operatingIncome": 1129000000,
    "operatingIncomeRatio": 0.180987496,
    "totalOtherIncomeExpensesNet": -825000000,
    "incomeBeforeTax": 1675000000,
    "incomeBeforeTaxRatio": 0.2685155499,
    "incomeTaxExpense": 199000000,
    "netIncome": 1476000000,
    "netIncomeRatio": 0.2366142995,
    "eps": 2.69,
    "epsdiluted": 2.68,
    "weightedAverageShsOut": 548000000,
    "weightedAverageShsOutDil": 551000000,
    "link": "https://www.sec.gov/Archives/edgar/data/318154/000031815422000021/0000318154-22-000021-index.htm",
    "finalLink": "https://www.sec.gov/Archives/edgar/data/318154/000031815422000021/amgn-20220331.htm"
  },
  {
    "date": "2021-12-31",
    "symbol": "AMGN",
    "reportedCurrency": "USD",
    "cik": "0000318154",
    "fillingDate": "2022-02-16",
    "acceptedDate": "2022-02-16 16:39:53",
    "calendarYear": "2021",
    "period": "Q4",
    "revenue": 6846000000,
    "costOfRevenue": 1718000000,
    "grossProfit": 5128000000,
    "grossProfitRatio": 0.7490505405,
    "researchAndDevelopmentExpenses": 1348000000,
    "generalAndAdministrativeExpenses": 582000000,
    "sellingAndMarketingExpenses": 843000000,
    "sellingGeneralAndAdministrativeExpenses": 1425000000,
    "otherExpenses": 162000000,
    "operatingExpenses": 2824000000,
    "costAndExpenses": 4542000000,
    "interestIncome": 0,
    "interestExpense": 335000000,
    "depreciationAndAmortization": 852000000,
    "ebitda": 3207000000,
    "ebitdaratio": 0.4684487292,
    "operatingIncome": 2304000000,
    "operatingIncomeRatio": 0.3365468887,
    "totalOtherIncomeExpensesNet": -173000000,
    "incomeBeforeTax": 2131000000,
    "incomeBeforeTaxRatio": 0.3112766579,
    "incomeTaxExpense": 232000000,
    "netIncome": 1899000000,
    "netIncomeRatio": 0.2773882559,
    "eps": 3.38,
    "epsdiluted": 3.36,
    "weightedAverageShsOut": 562000000,
    "weightedAverageShsOutDil": 565000000,
    "link": "https://www.sec.gov/Archives/edgar/data/318154/000031815422000010/0000318154-22-000010-index.htm",
    "finalLink": "https://www.sec.gov/Archives/edgar/data/318154/000031815422000010/amgn-20211231.htm"
  },
  {
    "date": "2021-09-30",
    "symbol": "AMGN",
    "reportedCurrency": "USD",
    "cik": "0000318154",
    "fillingDate": "2021-11-03",
    "acceptedDate": "2021-11-02 20:08:39",
    "calendarYear": "2021",
    "period": "Q3",
    "revenue": 6706000000,
    "costOfRevenue": 1609000000,
    "grossProfit": 5097000000,
    "grossProfitRatio": 0.7600656129,
    "researchAndDevelopmentExpenses": 1422000000,
    "generalAndAdministrativeExpenses": 0,
    "sellingAndMarketingExpenses": 0,
    "sellingGeneralAndAdministrativeExpenses": 1305000000,
    "otherExpenses": 73000000,
    "operatingExpenses": 2719000000,
    "costAndExpenses": 4328000000,
    "interestIncome": 0,
    "interestExpense": 296000000,
    "depreciationAndAmortization": 850000000,
    "ebitda": 3217000000,
    "ebitdaratio": 0.479719654,
    "operatingIncome": 2378000000,
    "operatingIncomeRatio": 0.3546078139,
    "totalOtherIncomeExpensesNet": -223000000,
    "incomeBeforeTax": 2155000000,
    "incomeBeforeTaxRatio": 0.3213540113,
    "incomeTaxExpense": 271000000,
    "netIncome": 1884000000,
    "netIncomeRatio": 0.2809424396,
    "eps": 3.32,
    "epsdiluted": 3.31,
    "weightedAverageShsOut": 567000000,
    "weightedAverageShsOutDil": 570000000,
    "link": "https://www.sec.gov/Archives/edgar/data/318154/000031815421000045/0000318154-21-000045-index.htm",
    "finalLink": "https://www.sec.gov/Archives/edgar/data/318154/000031815421000045/amgn-20210930.htm"
  },
  {
    "date": "2021-06-30",
    "symbol": "AMGN",
    "reportedCurrency": "USD",
    "cik": "0000318154",
    "fillingDate": "2021-08-04",
    "acceptedDate": "2021-08-03 20:25:00",
    "calendarYear": "2021",
    "period": "Q2",
    "revenue": 6526000000,
    "costOfRevenue": 1637000000,
    "grossProfit": 4889000000,
    "grossProfitRatio": 0.7491572173,
    "researchAndDevelopmentExpenses": 1082000000,
    "generalAndAdministrativeExpenses": 0,
    "sellingAndMarketingExpenses": 0,
    "sellingGeneralAndAdministrativeExpenses": 1384000000,
    "otherExpenses": 11000000,
    "operatingExpenses": 2556000000,
    "costAndExpenses": 4193000000,
    "interestIncome": 0,
    "interestExpense": 281000000,
    "depreciationAndAmortization": 855000000,
    "ebitda": 3278000000,
    "ebitdaratio": 0.5022984983,
    "operatingIncome": 828000000,
    "operatingIncomeRatio": 0.126877107,
    "totalOtherIncomeExpensesNet": -270000000,
    "incomeBeforeTax": 558000000,
    "incomeBeforeTaxRatio": 0.0855041373,
    "incomeTaxExpense": 94000000,
    "netIncome": 464000000,
    "netIncomeRatio": 0.0711002145,
    "eps": 0.81,
    "epsdiluted": 0.81,
    "weightedAverageShsOut": 573000000,
    "weightedAverageShsOutDil": 576000000,
    "link": "https://www.sec.gov/Archives/edgar/data/318154/000031815421000034/0000318154-21-000034-index.htm",
    "finalLink": "https://www.sec.gov/Archives/edgar/data/318154/000031815421000034/amgn-20210630.htm"
  },
  {
    "date": "2021-03-31",
    "symbol": "AMGN",
    "reportedCurrency": "USD",
    "cik": "0000318154",
    "fillingDate": "2021-04-28",
    "acceptedDate": "2021-04-27 20:01:28",
    "calendarYear": "2021",
    "period": "Q1",
    "revenue": 5901000000,
    "costOfRevenue": 1490000000,
    "grossProfit": 4411000000,
    "grossProfitRatio": 0.7475004237,
    "researchAndDevelopmentExpenses": 967000000,
    "generalAndAdministrativeExpenses": 0,
    "sellingAndMarketingExpenses": 0,
    "sellingGeneralAndAdministrativeExpenses": 1254000000,
    "otherExpenses": 13000000,
    "operatingExpenses": 2282000000,
    "costAndExpenses": 3772000000,
    "interestIncome": 0,
    "interestExpense": 285000000,
    "depreciationAndAmortization": 841000000,
    "ebitda": 3031000000,
    "ebitdaratio": 0.5136417556,
    "operatingIncome": 2129000000,
    "operatingIncomeRatio": 0.3607863074,
    "totalOtherIncomeExpensesNet": -272000000,
    "incomeBeforeTax": 1857000000,
    "incomeBeforeTaxRatio": 0.314692425,
    "incomeTaxExpense": 211000000,
    "netIncome": 1646000000,
    "netIncomeRatio": 0.2789357736,
    "eps": 2.85,
    "epsdiluted": 2.83,
    "weightedAverageShsOut": 577000000,
    "weightedAverageShsOutDil": 581000000,
    "link": "https://www.sec.gov/Archives/edgar/data/318154/000031815421000019/0000318154-21-000019-index.htm",
    "finalLink": "https://www.sec.gov/Archives/edgar/data/318154/000031815421000019/amgn-20210331.htm"
  },
  {
    "date": "2020-12-31",
    "symbol": "AMGN",
    "reportedCurrency": "USD",
    "cik": "0000318154",
    "fillingDate": "2021-02-09",
    "acceptedDate": "2021-02-08 19:24:56",
    "calendarYear": "2020",
    "period": "Q4",
    "revenue": 6634000000,
    "costOfRevenue": 1597000000,
    "grossProfit": 5037000000,
    "grossProfitRatio": 0.7592704251,
    "researchAndDevelopmentExpenses": 1229000000,
    "generalAndAdministrativeExpenses": 811000000,
    "sellingAndMarketingExpenses": 962000000,
    "sellingGeneralAndAdministrativeExpenses": 1773000000,
    "otherExpenses": 27000000,
    "operatingExpenses": 3029000000,
    "costAndExpenses": 4626000000,
    "interestIncome": 187000000,
    "interestExpense": 318000000,
    "depreciationAndAmortization": 873000000,
    "ebitda": 3137000000,
    "ebitdaratio": 0.4728670485,
    "operatingIncome": 2008000000,
    "operatingIncomeRatio": 0.3026831474,
    "totalOtherIncomeExpensesNet": -131000000,
    "incomeBeforeTax": 1877000000,
    "incomeBeforeTaxRatio": 0.2829363883,
    "incomeTaxExpense": 262000000,
    "netIncome": 1615000000,
    "netIncomeRatio": 0.2434428701,
    "eps": 2.78,
    "epsdiluted": 2.76,
    "weightedAverageShsOut": 581000000,
    "weightedAverageShsOutDil": 585000000,
    "link": "https://www.sec.gov/Archives/edgar/data/318154/000031815421000010/0000318154-21-000010-index.htm",
    "finalLink": "https://www.sec.gov/Archives/edgar/data/318154/000031815421000010/amgn-20201231.htm"
  },
  {
    "date": "2020-09-30",
    "symbol": "AMGN",
    "reportedCurrency": "USD",
    "cik": "0000318154",
    "fillingDate": "2020-10-29",
    "acceptedDate": "2020-10-28 19:55:25",
    "calendarYear": "2020",
    "period": "Q3",
    "revenue": 6423000000,
    "costOfRevenue": 1561000000,
    "grossProfit": 4862000000,
    "grossProfitRatio": 0.7569671493,
    "researchAndDevelopmentExpenses": 1062000000,
    "generalAndAdministrativeExpenses": 0,
    "sellingAndMarketingExpenses": 0,
    "sellingGeneralAndAdministrativeExpenses": 1346000000,
    "otherExpenses": 1000000,
    "operatingExpenses": 2409000000,
    "costAndExpenses": 3970000000,
    "interestIncome": 55000000,
    "interestExpense": 302000000,
    "depreciationAndAmortization": 901000000,
    "ebitda": 3354000000,
    "ebitdaratio": 0.5221858944,
    "operatingIncome": 2453000000,
    "operatingIncomeRatio": 0.3819087654,
    "totalOtherIncomeExpensesNet": -247000000,
    "incomeBeforeTax": 2206000000,
    "incomeBeforeTaxRatio": 0.343453215,
    "incomeTaxExpense": 185000000,
    "netIncome": 2021000000,
    "netIncomeRatio": 0.3146504749,
    "eps": 3.45,
    "epsdiluted": 3.43,
    "weightedAverageShsOut": 585000000,
    "weightedAverageShsOutDil": 589000000,
    "link": "https://www.sec.gov/Archives/edgar/data/318154/000031815420000060/0000318154-20-000060-index.htm",
    "finalLink": "https://www.sec.gov/Archives/edgar/data/318154/000031815420000060/amgn-20200930.htm"
  },
  {
    "date": "2020-06-30",
    "symbol": "AMGN",
    "reportedCurrency": "USD",
    "cik": "0000318154",
    "fillingDate": "2020-07-29",
    "acceptedDate": "2020-07-28 19:18:00",
    "calendarYear": "2020",
    "period": "Q2",
    "revenue": 6206000000,
    "costOfRevenue": 1488000000,
    "grossProfit": 4718000000,
    "grossProfitRatio": 0.7602320335,
    "researchAndDevelopmentExpenses": 964000000,
    "generalAndAdministrativeExpenses": 0,
    "sellingAndMarketingExpenses": 0,
    "sellingGeneralAndAdministrativeExpenses": 1295000000,
    "otherExpenses": 136000000,
    "operatingExpenses": 2395000000,
    "costAndExpenses": 3883000000,
    "interestIncome": 3000000,
    "interestExpense": 296000000,
    "depreciationAndAmortization": 930000000,
    "ebitda": 3253000000,
    "ebitdaratio": 0.5241701579,
    "operatingIncome": 2323000000,
    "operatingIncomeRatio": 0.3743151789,
    "totalOtherIncomeExpensesNet": -293000000,
    "incomeBeforeTax": 2030000000,
    "incomeBeforeTaxRatio": 0.3271028037,
    "incomeTaxExpense": 227000000,
    "netIncome": 1803000000,
    "netIncomeRatio": 0.2905252981,
    "eps": 3.07,
    "epsdiluted": 3.05,
    "weightedAverageShsOut": 588000000,
    "weightedAverageShsOutDil": 592000000,
    "link": "https://www.sec.gov/Archives/edgar/data/318154/000031815420000048/0000318154-20-000048-index.htm",
    "finalLink": "https://www.sec.gov/Archives/edgar/data/318154/000031815420000048/amgn-20200630.htm"
  },
  {
    "date": "2020-03-31",
    "symbol": "AMGN",
    "reportedCurrency": "USD",
    "cik": "0000318154",
    "fillingDate": "2020-05-01",
    "acceptedDate": "2020-04-30 20:48:21",
    "calendarYear": "2020",
    "period": "Q1",
    "revenue": 6161000000,
    "costOfRevenue": 1513000000,
    "grossProfit": 4648000000,
    "grossProfitRatio": 0.7544229833,
    "researchAndDevelopmentExpenses": 952000000,
    "generalAndAdministrativeExpenses": 1316000000,
    "sellingAndMarketingExpenses": 0,
    "sellingGeneralAndAdministrativeExpenses": 1316000000,
    "otherExpenses": 25000000,
    "operatingExpenses": 2293000000,
    "costAndExpenses": 3806000000,
    "interestIncome": 11000000,
    "interestExpense": 346000000,
    "depreciationAndAmortization": 897000000,
    "ebitda": 3252000000,
    "ebitdaratio": 0.5278363902,
    "operatingIncome": 2355000000,
    "operatingIncomeRatio": 0.3822431423,
    "totalOtherIncomeExpensesNet": -335000000,
    "incomeBeforeTax": 2020000000,
    "incomeBeforeTaxRatio": 0.3278688525,
    "incomeTaxExpense": 195000000,
    "netIncome": 1825000000,
    "netIncomeRatio": 0.2962181464,
    "eps": 3.09,
    "epsdiluted": 3.07,
    "weightedAverageShsOut": 590000000,
    "weightedAverageShsOutDil": 594000000,
    "link": "https://www.sec.gov/Archives/edgar/data/318154/000031815420000031/0000318154-20-000031-index.htm",
    "finalLink": "https://www.sec.gov/Archives/edgar/data/318154/000031815420000031/amgn-2020331x10q.htm"
  }
]