[
  {
    "date": "2024-12-31",
    "symbol": "AMGN",
    "reportedCurrency": "USD",
    "cik": "0000318154",
    "fillingDate": "2025-02-14",
    "acceptedDate": "2025-02-14 16:18:41",
    "calendarYear": "2024",
    "period": "FY",
    "revenue": 33424000000,
    "costOfRevenue": 12858000000,
    "grossProfit": 20566000000,
    "grossProfitRatio": 0.6153063667,
    "researchAndDevelopmentExpenses": 5964000000,
    "generalAndAdministrativeExpenses": 0,
    "sellingAndMarketingExpenses": 0,
    "sellingGeneralAndAdministrativeExpenses": 7096000000,
    "otherExpenses": 248000000,
    "operatingExpenses": 13308000000,
    "costAndExpenses": 26166000000,
    "interestIncome": 0,
    "interestExpense": 3155000000,
    "depreciationAndAmortization": 5592000000,
    "ebitda": 13356000000,
    "ebitdaratio": 0.3995931067,
    "operatingIncome": 7258000000,
    "operatingIncomeRatio": 0.2171493538,
    "totalOtherIncomeExpensesNet": -2649000000,
    "incomeBeforeTax": 4609000000,
    "incomeBeforeTaxRatio": 0.1378949258,
    "incomeTaxExpense": 519000000,
    "netIncome": 4090000000,
    "netIncomeRatio": 0.1223671613,
    "eps": 7.56,
    "epsdiluted": 7.56,
    "weightedAverageShsOut": 541005291,
    "weightedAverageShsOutDil": 541000000,
    "link": "https://www.sec.gov/Archives/edgar/data/318154/000031815425000010/0000318154-25-000010-index.htm",
    "finalLink": "https://www.sec.gov/Archives/edgar/data/318154/000031815425000010/amgn-20241231.htm"
  },
  {
    "date": "2023-12-31",
    "symbol": "AMGN",
    "reportedCurrency": "USD",
    "cik": "0000318154",
    "fillingDate": "2024-02-14",
    "acceptedDate": "2024-02-14 16:23:32",
    "calendarYear": "2023",
    "period": "FY",
    "revenue": 28190000000,
    "costOfRevenue": 8415000000,
    "grossProfit": 19775000000,
    "grossProfitRatio": 0.70148989,
    "researchAndDevelopmentExpenses": 4784000000,
    "generalAndAdministrativeExpenses": 5519000000,
    "sellingAndMarketingExpenses": 647000000,
    "sellingGeneralAndAdministrativeExpenses": 6179000000,
    "otherExpenses": 915000000,
    "operatingExpenses": 11878000000,
    "costAndExpenses": 20293000000,
    "interestIncome": 0,
    "interestExpense": 2875000000,
    "depreciationAndAmortization": 4071000000,
    "ebitda": 14702000000,
    "ebitdaratio": 0.5215324583,
    "operatingIncome": 7897000000,
    "operatingIncomeRatio": 0.2801347996,
    "totalOtherIncomeExpensesNet": -42000000,
    "incomeBeforeTax": 7855000000,
    "incomeBeforeTaxRatio": 0.2786449095,
    "incomeTaxExpense": 1138000000,
    "netIncome": 6717000000,
    "netIncomeRatio": 0.2382759844,
    "eps": 12.56,
    "epsdiluted": 12.49,
    "weightedAverageShsOut": 535000000,
    "weightedAverageShsOutDil": 538000000,
    "link": "https://www.sec.gov/Archives/edgar/data/318154/000031815424000011/0000318154-24-000011-index.htm",
    "finalLink": "https://www.sec.gov/Archives/edgar/data/318154/000031815424000011/amgn-20231231.htm"
  },
  {
    "date": "2022-12-31",
    "symbol": "AMGN",
    "reportedCurrency": "USD",
    "cik": "0000318154",
    "fillingDate": "2023-02-09",
    "acceptedDate": "2023-02-09 16:26:31",
    "calendarYear": "2022",
    "period": "FY",
    "revenue": 26323000000,
    "costOfRevenue": 6406000000,
    "grossProfit": 19917000000,
    "grossProfitRatio": 0.756638681,
    "researchAndDevelopmentExpenses": 4434000000,
    "generalAndAdministrativeExpenses": 4573000000,
    "sellingAndMarketingExpenses": 841000000,
    "sellingGeneralAndAdministrativeExpenses": 5414000000,
    "otherExpenses": 503000000,
    "operatingExpenses": 10351000000,
    "costAndExpenses": 16757000000,
    "interestIncome": 1406000000,
    "interestExpense": 1406000000,
    "depreciationAndAmortization": 3261000000,
    "ebitda": 12093000000,
    "ebitdaratio": 0.4594081222,
    "operatingIncome": 5335000000,
    "operatingIncomeRatio": 0.2026744672,
    "totalOtherIncomeExpensesNet": 2011000000,
    "incomeBeforeTax": 7346000000,
    "incomeBeforeTaxRatio": 0.2790715344,
    "incomeTaxExpense": 794000000,
    "netIncome": 6552000000,
    "netIncomeRatio": 0.2489077993,
    "eps": 12.18,
    "epsdiluted": 12.11,
    "weightedAverageShsOut": 538000000,
    "weightedAverageShsOutDil": 541000000,
    "link": "https://www.sec.gov/Archives/edgar/data/318154/000031815423000017/0000318154-23-000017-index.htm",
    "finalLink": "https://www.sec.gov/Archives/edgar/data/318154/000031815423000017/amgn-20221231.htm"
  },
  {
    "date": "2021-12-31",
    "symbol": "AMGN",
    "reportedCurrency": "USD",
    "cik": "0000318154",
    "fillingDate": "2022-02-16",
    "acceptedDate": "2022-02-16 16:39:53",
    "calendarYear": "2021",
    "period": "FY",
    "revenue": 25979000000,
    "costOfRevenue": 6454000000,
    "grossProfit": 19525000000,
    "grossProfitRatio": 0.7515685746,
    "researchAndDevelopmentExpenses": 4819000000,
    "generalAndAdministrativeExpenses": 4525000000,
    "sellingAndMarketingExpenses": 843000000,
    "sellingGeneralAndAdministrativeExpenses": 5368000000,
    "otherExpenses": 194000000,
    "operatingExpenses": 10381000000,
    "costAndExpenses": 16835000000,
    "interestIncome": 1197000000,
    "interestExpense": 1197000000,
    "depreciationAndAmortization": 3398000000,
    "ebitda": 12542000000,
    "ebitdaratio": 0.4827745487,
    "operatingIncome": 6005000000,
    "operatingIncomeRatio": 0.2311482351,
    "totalOtherIncomeExpensesNet": 696000000,
    "incomeBeforeTax": 6701000000,
    "incomeBeforeTaxRatio": 0.2579391047,
    "incomeTaxExpense": 808000000,
    "netIncome": 5893000000,
    "netIncomeRatio": 0.2268370607,
    "eps": 10.34,
    "epsdiluted": 10.28,
    "weightedAverageShsOut": 570000000,
    "weightedAverageShsOutDil": 573000000,
    "link": "https://www.sec.gov/Archives/edgar/data/318154/000031815422000010/0000318154-22-000010-index.htm",
    "finalLink": "https://www.sec.gov/Archives/edgar/data/318154/000031815422000010/amgn-20211231.htm"
  },
  {
    "date": "2020-12-31",
    "symbol": "AMGN",
    "reportedCurrency": "USD",
    "cik": "0000318154",
    "fillingDate": "2021-02-09",
    "acceptedDate": "2021-02-08 19:24:56",
    "calendarYear": "2020",
    "period": "FY",
    "revenue": 25424000000,
    "costOfRevenue": 6159000000,
    "grossProfit": 19265000000,
    "grossProfitRatio": 0.757748584,
    "researchAndDevelopmentExpenses": 4207000000,
    "generalAndAdministrativeExpenses": 4768000000,
    "sellingAndMarketingExpenses": 962000000,
    "sellingGeneralAndAdministrativeExpenses": 5730000000,
    "otherExpenses": 189000000,
    "operatingExpenses": 10126000000,
    "costAndExpenses": 16285000000,
    "interestIncome": 256000000,
    "interestExpense": 1262000000,
    "depreciationAndAmortization": 3601000000,
    "ebitda": 12929000000,
    "ebitdaratio": 0.5085352423,
    "operatingIncome": 5794000000,
    "operatingIncomeRatio": 0.2278949025,
    "totalOtherIncomeExpensesNet": -1006000000,
    "incomeBeforeTax": 8133000000,
    "incomeBeforeTaxRatio": 0.3198945878,
    "incomeTaxExpense": 869000000,
    "netIncome": 7264000000,
    "netIncomeRatio": 0.2857142857,
    "eps": 12.4,
    "epsdiluted": 12.31,
    "weightedAverageShsOut": 586000000,
    "weightedAverageShsOutDil": 590000000,
    "link": "https://www.sec.gov/Archives/edgar/data/318154/000031815421000010/0000318154-21-000010-index.htm",
    "finalLink": "https://www.sec.gov/Archives/edgar/data/318154/000031815421000010/amgn-20201231.htm"
  },
  {
    "date": "2019-12-31",
    "symbol": "AMGN",
    "reportedCurrency": "USD",
    "cik": "0000318154",
    "fillingDate": "2020-02-13",
    "acceptedDate": "2020-02-13 13:51:00",
    "calendarYear": "2019",
    "period": "FY",
    "revenue": 23362000000,
    "costOfRevenue": 4356000000,
    "grossProfit": 19006000000,
    "grossProfitRatio": 0.813543361,
    "researchAndDevelopmentExpenses": 4116000000,
    "generalAndAdministrativeExpenses": 4361000000,
    "sellingAndMarketingExpenses": 789000000,
    "sellingGeneralAndAdministrativeExpenses": 5150000000,
    "otherExpenses": 66000000,
    "operatingExpenses": 9332000000,
    "costAndExpenses": 13688000000,
    "interestIncome": 753000000,
    "interestExpense": 1289000000,
    "depreciationAndAmortization": 2206000000,
    "ebitda": 12633000000,
    "ebitdaratio": 0.5407499358,
    "operatingIncome": 9674000000,
    "operatingIncomeRatio": 0.4140912593,
    "totalOtherIncomeExpensesNet": -536000000,
    "incomeBeforeTax": 9138000000,
    "incomeBeforeTaxRatio": 0.3911480181,
    "incomeTaxExpense": 1296000000,
    "netIncome": 7842000000,
    "netIncomeRatio": 0.3356733156,
    "eps": 12.96,
    "epsdiluted": 12.88,
    "weightedAverageShsOut": 605000000,
    "weightedAverageShsOutDil": 609000000,
    "link": "https://www.sec.gov/Archives/edgar/data/318154/000031815420000019/0000318154-20-000019-index.htm",
    "finalLink": "https://www.sec.gov/Archives/edgar/data/318154/000031815420000019/amgn-12312019x10kq420191.htm"
  },
  {
    "date": "2018-12-31",
    "symbol": "AMGN",
    "reportedCurrency": "USD",
    "cik": "0000318154",
    "fillingDate": "2019-02-13",
    "acceptedDate": "2019-02-13 17:20:20",
    "calendarYear": "2018",
    "period": "FY",
    "revenue": 23747000000,
    "costOfRevenue": 4101000000,
    "grossProfit": 19646000000,
    "grossProfitRatio": 0.8273045016,
    "researchAndDevelopmentExpenses": 3737000000,
    "generalAndAdministrativeExpenses": 5332000000,
    "sellingAndMarketingExpenses": 674000000,
    "sellingGeneralAndAdministrativeExpenses": 5332000000,
    "otherExpenses": 314000000,
    "operatingExpenses": 9383000000,
    "costAndExpenses": 13484000000,
    "interestIncome": 674000000,
    "interestExpense": 1392000000,
    "depreciationAndAmortization": 1946000000,
    "ebitda": 12883000000,
    "ebitdaratio": 0.5425106329,
    "operatingIncome": 10263000000,
    "operatingIncomeRatio": 0.4321809071,
    "totalOtherIncomeExpensesNet": -718000000,
    "incomeBeforeTax": 9545000000,
    "incomeBeforeTaxRatio": 0.4019455089,
    "incomeTaxExpense": 1151000000,
    "netIncome": 8394000000,
    "netIncomeRatio": 0.3534762286,
    "eps": 12.7,
    "epsdiluted": 12.62,
    "weightedAverageShsOut": 661000000,
    "weightedAverageShsOutDil": 665000000,
    "link": "https://www.sec.gov/Archives/edgar/data/318154/000031815419000008/0000318154-19-000008-index.htm",
    "finalLink": "https://www.sec.gov/Archives/edgar/data/318154/000031815419000008/amgn-12312018x10kq42018.htm"
  },
  {
    "date": "2017-12-31",
    "symbol": "AMGN",
    "reportedCurrency": "USD",
    "cik": "0000318154",
    "fillingDate": "2018-02-13",
    "acceptedDate": "2018-02-13 16:48:04",
    "calendarYear": "2017",
    "period": "FY",
    "revenue": 22849000000,
    "costOfRevenue": 4069000000,
    "grossProfit": 18780000000,
    "grossProfitRatio": 0.8219178082,
    "researchAndDevelopmentExpenses": 3562000000,
    "generalAndAdministrativeExpenses": 4870000000,
    "sellingAndMarketingExpenses": 620000000,
    "sellingGeneralAndAdministrativeExpenses": 4870000000,
    "otherExpenses": 375000000,
    "operatingExpenses": 8807000000,
    "costAndExpenses": 12876000000,
    "interestIncome": 928000000,
    "interestExpense": 1304000000,
    "depreciationAndAmortization": 1904000000,
    "ebitda": 12804000000,
    "ebitdaratio": 0.5603746335,
    "operatingIncome": 9973000000,
    "operatingIncomeRatio": 0.4364742439,
    "totalOtherIncomeExpensesNet": -376000000,
    "incomeBeforeTax": 9597000000,
    "incomeBeforeTaxRatio": 0.4200183815,
    "incomeTaxExpense": 7618000000,
    "netIncome": 1979000000,
    "netIncomeRatio": 0.0866121056,
    "eps": 2.71,
    "epsdiluted": 2.69,
    "weightedAverageShsOut": 731000000,
    "weightedAverageShsOutDil": 735000000,
    "link": "https://www.sec.gov/Archives/edgar/data/318154/000031815418000004/0000318154-18-000004-index.htm",
    "finalLink": "https://www.sec.gov/Archives/edgar/data/318154/000031815418000004/amgn-12312017x10k.htm"
  },
  {
    "date": "2016-12-31",
    "symbol": "AMGN",
    "reportedCurrency": "USD",
    "cik": "0000318154",
    "fillingDate": "2017-02-14",
    "acceptedDate": "2017-02-14 16:21:05",
    "calendarYear": "2016",
    "period": "FY",
    "revenue": 22991000000,
    "costOfRevenue": 4162000000,
    "grossProfit": 18829000000,
    "grossProfitRatio": 0.8189726415,
    "researchAndDevelopmentExpenses": 3840000000,
    "generalAndAdministrativeExpenses": 5062000000,
    "sellingAndMarketingExpenses": 489000000,
    "sellingGeneralAndAdministrativeExpenses": 5062000000,
    "otherExpenses": 133000000,
    "operatingExpenses": 9035000000,
    "costAndExpenses": 13197000000,
    "interestIncome": 629000000,
    "interestExpense": 1260000000,
    "depreciationAndAmortization": 2105000000,
    "ebitda": 11937000000,
    "ebitdaratio": 0.5192031665,
    "operatingIncome": 9794000000,
    "operatingIncomeRatio": 0.4259927798,
    "totalOtherIncomeExpensesNet": -631000000,
    "incomeBeforeTax": 9163000000,
    "incomeBeforeTaxRatio": 0.3985472576,
    "incomeTaxExpense": 1441000000,
    "netIncome": 7722000000,
    "netIncomeRatio": 0.335870558,
    "eps": 10.32,
    "epsdiluted": 10.24,
    "weightedAverageShsOut": 748000000,
    "weightedAverageShsOutDil": 754000000,
    "link": "https://www.sec.gov/Archives/edgar/data/318154/000031815417000004/0000318154-17-000004-index.htm",
    "finalLink": "https://www.sec.gov/Archives/edgar/data/318154/000031815417000004/amgn-12312016x10k.htm"
  },
  {
    "date": "2015-12-31",
    "symbol": "AMGN",
    "reportedCurrency": "USD",
    "cik": "0000318154",
    "fillingDate": "2016-02-16",
    "acceptedDate": "2016-02-16 07:00:35",
    "calendarYear": "2015",
    "period": "FY",
    "revenue": 21662000000,
    "costOfRevenue": 4227000000,
    "grossProfit": 17435000000,
    "grossProfitRatio": 0.8048656634,
    "researchAndDevelopmentExpenses": 4070000000,
    "generalAndAdministrativeExpenses": 4846000000,
    "sellingAndMarketingExpenses": 346000000,
    "sellingGeneralAndAdministrativeExpenses": 4846000000,
    "otherExpenses": 49000000,
    "operatingExpenses": 8965000000,
    "costAndExpenses": 13192000000,
    "interestIncome": 603000000,
    "interestExpense": 1095000000,
    "depreciationAndAmortization": 2108000000,
    "ebitda": 11132000000,
    "ebitdaratio": 0.5138953005,
    "operatingIncome": 8470000000,
    "operatingIncomeRatio": 0.3910072939,
    "totalOtherIncomeExpensesNet": -492000000,
    "incomeBeforeTax": 7978000000,
    "incomeBeforeTaxRatio": 0.3682947096,
    "incomeTaxExpense": 1039000000,
    "netIncome": 6939000000,
    "netIncomeRatio": 0.3203305327,
    "eps": 9.15,
    "epsdiluted": 9.06,
    "weightedAverageShsOut": 758000000,
    "weightedAverageShsOutDil": 766000000,
    "link": "https://www.sec.gov/Archives/edgar/data/318154/000031815416000031/0000318154-16-000031-index.htm",
    "finalLink": "https://www.sec.gov/Archives/edgar/data/318154/000031815416000031/amgn-12312015x10k.htm"
  }
]