[
  {
    "date": "2024-12-28",
    "symbol": "AMD",
    "reportedCurrency": "USD",
    "cik": "0000002488",
    "fillingDate": "2025-02-05",
    "acceptedDate": "2025-02-05 16:42:57",
    "calendarYear": "2024",
    "period": "FY",
    "revenue": 25785000000,
    "costOfRevenue": 13060000000,
    "grossProfit": 12725000000,
    "grossProfitRatio": 0.4935039752,
    "researchAndDevelopmentExpenses": 6456000000,
    "generalAndAdministrativeExpenses": 0,
    "sellingAndMarketingExpenses": 0,
    "sellingGeneralAndAdministrativeExpenses": 2783000000,
    "otherExpenses": 1586000000,
    "operatingExpenses": 10825000000,
    "costAndExpenses": 23885000000,
    "interestIncome": 182000000,
    "interestExpense": 92000000,
    "depreciationAndAmortization": 3000000,
    "ebitda": 1900000000,
    "ebitdaratio": 0.0736862517,
    "operatingIncome": 1900000000,
    "operatingIncomeRatio": 0.0736862517,
    "totalOtherIncomeExpensesNet": 89000000,
    "incomeBeforeTax": 1989000000,
    "incomeBeforeTaxRatio": 0.0771378709,
    "incomeTaxExpense": 381000000,
    "netIncome": 1641000000,
    "netIncomeRatio": 0.0636416521,
    "eps": 1.01,
    "epsdiluted": 1,
    "weightedAverageShsOut": 1620000000,
    "weightedAverageShsOutDil": 1637000000,
    "link": "https://www.sec.gov/Archives/edgar/data/2488/000000248825000012/0000002488-25-000012-index.htm",
    "finalLink": "https://www.sec.gov/Archives/edgar/data/2488/000000248825000012/amd-20241228.htm"
  },
  {
    "date": "2023-12-30",
    "symbol": "AMD",
    "reportedCurrency": "USD",
    "cik": "0000002488",
    "fillingDate": "2024-01-31",
    "acceptedDate": "2024-01-31 17:16:39",
    "calendarYear": "2023",
    "period": "FY",
    "revenue": 22680000000,
    "costOfRevenue": 12220000000,
    "grossProfit": 10460000000,
    "grossProfitRatio": 0.4611992945,
    "researchAndDevelopmentExpenses": 5872000000,
    "generalAndAdministrativeExpenses": 1657000000,
    "sellingAndMarketingExpenses": 695000000,
    "sellingGeneralAndAdministrativeExpenses": 2352000000,
    "otherExpenses": 0,
    "operatingExpenses": 10059000000,
    "costAndExpenses": 22272000000,
    "interestIncome": 206000000,
    "interestExpense": 106000000,
    "depreciationAndAmortization": 3551000000,
    "ebitda": 4149000000,
    "ebitdaratio": 0.1829365079,
    "operatingIncome": 401000000,
    "operatingIncomeRatio": 0.017680776,
    "totalOtherIncomeExpensesNet": 91000000,
    "incomeBeforeTax": 492000000,
    "incomeBeforeTaxRatio": 0.0216931217,
    "incomeTaxExpense": -346000000,
    "netIncome": 854000000,
    "netIncomeRatio": 0.037654321,
    "eps": 0.53,
    "epsdiluted": 0.53,
    "weightedAverageShsOut": 1614000000,
    "weightedAverageShsOutDil": 1625000000,
    "link": "https://www.sec.gov/Archives/edgar/data/2488/000000248824000012/0000002488-24-000012-index.htm",
    "finalLink": "https://www.sec.gov/Archives/edgar/data/2488/000000248824000012/amd-20231230.htm"
  },
  {
    "date": "2022-12-31",
    "symbol": "AMD",
    "reportedCurrency": "USD",
    "cik": "0000002488",
    "fillingDate": "2023-02-27",
    "acceptedDate": "2023-02-27 16:20:39",
    "calendarYear": "2022",
    "period": "FY",
    "revenue": 23601000000,
    "costOfRevenue": 11550000000,
    "grossProfit": 12051000000,
    "grossProfitRatio": 0.510613957,
    "researchAndDevelopmentExpenses": 5005000000,
    "generalAndAdministrativeExpenses": 1653000000,
    "sellingAndMarketingExpenses": 683000000,
    "sellingGeneralAndAdministrativeExpenses": 2336000000,
    "otherExpenses": 5000000,
    "operatingExpenses": 10830000000,
    "costAndExpenses": 22380000000,
    "interestIncome": 23000000,
    "interestExpense": 88000000,
    "depreciationAndAmortization": 3436000000,
    "ebitda": 5534000000,
    "ebitdaratio": 0.2344815898,
    "operatingIncome": 1264000000,
    "operatingIncomeRatio": 0.0535570527,
    "totalOtherIncomeExpensesNet": -80000000,
    "incomeBeforeTax": 1184000000,
    "incomeBeforeTaxRatio": 0.0501673658,
    "incomeTaxExpense": -122000000,
    "netIncome": 1320000000,
    "netIncomeRatio": 0.0559298335,
    "eps": 0.85,
    "epsdiluted": 0.84,
    "weightedAverageShsOut": 1571428571,
    "weightedAverageShsOutDil": 1571000000,
    "link": "https://www.sec.gov/Archives/edgar/data/2488/000000248823000047/0000002488-23-000047-index.htm",
    "finalLink": "https://www.sec.gov/Archives/edgar/data/2488/000000248823000047/amd-20221231.htm"
  },
  {
    "date": "2021-12-25",
    "symbol": "AMD",
    "reportedCurrency": "USD",
    "cik": "0000002488",
    "fillingDate": "2022-02-03",
    "acceptedDate": "2022-02-03 17:22:50",
    "calendarYear": "2021",
    "period": "FY",
    "revenue": 16434000000,
    "costOfRevenue": 8505000000,
    "grossProfit": 7929000000,
    "grossProfitRatio": 0.482475356,
    "researchAndDevelopmentExpenses": 2845000000,
    "generalAndAdministrativeExpenses": 870000000,
    "sellingAndMarketingExpenses": 578000000,
    "sellingGeneralAndAdministrativeExpenses": 1448000000,
    "otherExpenses": -2000000,
    "operatingExpenses": 4228000000,
    "costAndExpenses": 12733000000,
    "interestIncome": 26000000,
    "interestExpense": 34000000,
    "depreciationAndAmortization": 407000000,
    "ebitda": 4166000000,
    "ebitdaratio": 0.2534988439,
    "operatingIncome": 3648000000,
    "operatingIncomeRatio": 0.2219788244,
    "totalOtherIncomeExpensesNet": 21000000,
    "incomeBeforeTax": 3669000000,
    "incomeBeforeTaxRatio": 0.223256663,
    "incomeTaxExpense": 513000000,
    "netIncome": 3162000000,
    "netIncomeRatio": 0.1924059876,
    "eps": 2.61,
    "epsdiluted": 2.57,
    "weightedAverageShsOut": 1230350194,
    "weightedAverageShsOutDil": 1229000000,
    "link": "https://www.sec.gov/Archives/edgar/data/2488/000000248822000016/0000002488-22-000016-index.htm",
    "finalLink": "https://www.sec.gov/Archives/edgar/data/2488/000000248822000016/amd-20211225.htm"
  },
  {
    "date": "2020-12-26",
    "symbol": "AMD",
    "reportedCurrency": "USD",
    "cik": "0000002488",
    "fillingDate": "2021-01-29",
    "acceptedDate": "2021-01-29 17:24:00",
    "calendarYear": "2020",
    "period": "FY",
    "revenue": 9763000000,
    "costOfRevenue": 5416000000,
    "grossProfit": 4347000000,
    "grossProfitRatio": 0.4452524839,
    "researchAndDevelopmentExpenses": 1983000000,
    "generalAndAdministrativeExpenses": 681000000,
    "sellingAndMarketingExpenses": 314000000,
    "sellingGeneralAndAdministrativeExpenses": 995000000,
    "otherExpenses": -3000000,
    "operatingExpenses": 3028000000,
    "costAndExpenses": 8444000000,
    "interestIncome": 39000000,
    "interestExpense": 47000000,
    "depreciationAndAmortization": 312000000,
    "ebitda": 1676000000,
    "ebitdaratio": 0.1716685445,
    "operatingIncome": 1369000000,
    "operatingIncomeRatio": 0.140223292,
    "totalOtherIncomeExpensesNet": -94000000,
    "incomeBeforeTax": 1275000000,
    "incomeBeforeTaxRatio": 0.130595104,
    "incomeTaxExpense": -1210000000,
    "netIncome": 2490000000,
    "netIncomeRatio": 0.255044556,
    "eps": 2.1,
    "epsdiluted": 2.06,
    "weightedAverageShsOut": 1206515766,
    "weightedAverageShsOutDil": 1207000000,
    "link": "https://www.sec.gov/Archives/edgar/data/2488/000162828021001185/0001628280-21-001185-index.htm",
    "finalLink": "https://www.sec.gov/Archives/edgar/data/2488/000162828021001185/amd-20201226.htm"
  },
  {
    "date": "2019-12-28",
    "symbol": "AMD",
    "reportedCurrency": "USD",
    "cik": "0000002488",
    "fillingDate": "2020-02-04",
    "acceptedDate": "2020-02-04 17:21:47",
    "calendarYear": "2019",
    "period": "FY",
    "revenue": 6731000000,
    "costOfRevenue": 3863000000,
    "grossProfit": 2868000000,
    "grossProfitRatio": 0.4260882484,
    "researchAndDevelopmentExpenses": 1547000000,
    "generalAndAdministrativeExpenses": 533000000,
    "sellingAndMarketingExpenses": 217000000,
    "sellingGeneralAndAdministrativeExpenses": 750000000,
    "otherExpenses": -165000000,
    "operatingExpenses": 2417000000,
    "costAndExpenses": 6280000000,
    "interestIncome": 79000000,
    "interestExpense": 94000000,
    "depreciationAndAmortization": 222000000,
    "ebitda": 724000000,
    "ebitdaratio": 0.1075620264,
    "operatingIncome": 631000000,
    "operatingIncomeRatio": 0.0937453573,
    "totalOtherIncomeExpensesNet": -259000000,
    "incomeBeforeTax": 372000000,
    "incomeBeforeTaxRatio": 0.0552666766,
    "incomeTaxExpense": 31000000,
    "netIncome": 341000000,
    "netIncomeRatio": 0.0506611202,
    "eps": 0.31,
    "epsdiluted": 0.3,
    "weightedAverageShsOut": 1136666666,
    "weightedAverageShsOutDil": 1120000000,
    "link": "https://www.sec.gov/Archives/edgar/data/2488/000000248820000008/0000002488-20-000008-index.htm",
    "finalLink": "https://www.sec.gov/Archives/edgar/data/2488/000000248820000008/amdform10-kfy2019.htm"
  },
  {
    "date": "2018-12-29",
    "symbol": "AMD",
    "reportedCurrency": "USD",
    "cik": "0000002488",
    "fillingDate": "2019-02-08",
    "acceptedDate": "2019-02-08 16:44:26",
    "calendarYear": "2018",
    "period": "FY",
    "revenue": 6475000000,
    "costOfRevenue": 4028000000,
    "grossProfit": 2447000000,
    "grossProfitRatio": 0.3779150579,
    "researchAndDevelopmentExpenses": 1434000000,
    "generalAndAdministrativeExpenses": 386000000,
    "sellingAndMarketingExpenses": 176000000,
    "sellingGeneralAndAdministrativeExpenses": 562000000,
    "otherExpenses": 0,
    "operatingExpenses": 2016000000,
    "costAndExpenses": 6044000000,
    "interestIncome": 103000000,
    "interestExpense": 121000000,
    "depreciationAndAmortization": 170000000,
    "ebitda": 621000000,
    "ebitdaratio": 0.0959073359,
    "operatingIncome": 451000000,
    "operatingIncomeRatio": 0.0696525097,
    "totalOtherIncomeExpensesNet": -121000000,
    "incomeBeforeTax": 330000000,
    "incomeBeforeTaxRatio": 0.050965251,
    "incomeTaxExpense": -9000000,
    "netIncome": 337000000,
    "netIncomeRatio": 0.052046332,
    "eps": 0.34,
    "epsdiluted": 0.32,
    "weightedAverageShsOut": 1053125000,
    "weightedAverageShsOutDil": 1064000000,
    "link": "https://www.sec.gov/Archives/edgar/data/2488/000000248819000011/0000002488-19-000011-index.htm",
    "finalLink": "https://www.sec.gov/Archives/edgar/data/2488/000000248819000011/amd-12292018x10k.htm"
  },
  {
    "date": "2017-12-30",
    "symbol": "AMD",
    "reportedCurrency": "USD",
    "cik": "0000002488",
    "fillingDate": "2018-02-27",
    "acceptedDate": "2018-02-27 16:18:58",
    "calendarYear": "2017",
    "period": "FY",
    "revenue": 5253000000,
    "costOfRevenue": 3466000000,
    "grossProfit": 1787000000,
    "grossProfitRatio": 0.3401865601,
    "researchAndDevelopmentExpenses": 1196000000,
    "generalAndAdministrativeExpenses": 0,
    "sellingAndMarketingExpenses": 156000000,
    "sellingGeneralAndAdministrativeExpenses": 516000000,
    "otherExpenses": 0,
    "operatingExpenses": 1682000000,
    "costAndExpenses": 5148000000,
    "interestIncome": 120000000,
    "interestExpense": 126000000,
    "depreciationAndAmortization": 144000000,
    "ebitda": 262000000,
    "ebitdaratio": 0.0498762612,
    "operatingIncome": 127000000,
    "operatingIncomeRatio": 0.024176661,
    "totalOtherIncomeExpensesNet": -135000000,
    "incomeBeforeTax": -8000000,
    "incomeBeforeTaxRatio": -0.0015229393,
    "incomeTaxExpense": 18000000,
    "netIncome": -33000000,
    "netIncomeRatio": -0.0062821245,
    "eps": 0.04,
    "epsdiluted": 0.04,
    "weightedAverageShsOut": 952023771,
    "weightedAverageShsOutDil": 952000000,
    "link": "https://www.sec.gov/Archives/edgar/data/2488/000000248818000042/0000002488-18-000042-index.htm",
    "finalLink": "https://www.sec.gov/Archives/edgar/data/2488/000000248818000042/amd-12302017x10k.htm"
  },
  {
    "date": "2016-12-31",
    "symbol": "AMD",
    "reportedCurrency": "USD",
    "cik": "0000002488",
    "fillingDate": "2017-02-21",
    "acceptedDate": "2017-02-21 16:52:14",
    "calendarYear": "2016",
    "period": "FY",
    "revenue": 4319000000,
    "costOfRevenue": 3316000000,
    "grossProfit": 1003000000,
    "grossProfitRatio": 0.2322296828,
    "researchAndDevelopmentExpenses": 1008000000,
    "generalAndAdministrativeExpenses": 0,
    "sellingAndMarketingExpenses": 131000000,
    "sellingGeneralAndAdministrativeExpenses": 466000000,
    "otherExpenses": 0,
    "operatingExpenses": 1308000000,
    "costAndExpenses": 4624000000,
    "interestIncome": 154000000,
    "interestExpense": 156000000,
    "depreciationAndAmortization": 133000000,
    "ebitda": -159000000,
    "ebitdaratio": -0.0368140773,
    "operatingIncome": -383000000,
    "operatingIncomeRatio": -0.0886779347,
    "totalOtherIncomeExpensesNet": -76000000,
    "incomeBeforeTax": -449000000,
    "incomeBeforeTaxRatio": -0.1039592498,
    "incomeTaxExpense": 39000000,
    "netIncome": -498000000,
    "netIncomeRatio": -0.1153044686,
    "eps": -0.6,
    "epsdiluted": -0.6,
    "weightedAverageShsOut": 830000000,
    "weightedAverageShsOutDil": 835000000,
    "link": "https://www.sec.gov/Archives/edgar/data/2488/000000248817000043/0000002488-17-000043-index.htm",
    "finalLink": "https://www.sec.gov/Archives/edgar/data/2488/000000248817000043/amd-12312016x10k.htm"
  },
  {
    "date": "2015-12-26",
    "symbol": "AMD",
    "reportedCurrency": "USD",
    "cik": "0000002488",
    "fillingDate": "2016-02-18",
    "acceptedDate": "2016-02-18 16:19:58",
    "calendarYear": "2015",
    "period": "FY",
    "revenue": 3991000000,
    "costOfRevenue": 2911000000,
    "grossProfit": 1080000000,
    "grossProfitRatio": 0.27060887,
    "researchAndDevelopmentExpenses": 947000000,
    "generalAndAdministrativeExpenses": 0,
    "sellingAndMarketingExpenses": 154000000,
    "sellingGeneralAndAdministrativeExpenses": 482000000,
    "otherExpenses": 0,
    "operatingExpenses": 1566000000,
    "costAndExpenses": 4477000000,
    "interestIncome": 160000000,
    "interestExpense": 160000000,
    "depreciationAndAmortization": 167000000,
    "ebitda": -319000000,
    "ebitdaratio": -0.0799298421,
    "operatingIncome": -352000000,
    "operatingIncomeRatio": -0.0881984465,
    "totalOtherIncomeExpensesNet": -165000000,
    "incomeBeforeTax": -646000000,
    "incomeBeforeTaxRatio": -0.1618641944,
    "incomeTaxExpense": 14000000,
    "netIncome": -660000000,
    "netIncomeRatio": -0.1653720872,
    "eps": -0.84,
    "epsdiluted": -0.84,
    "weightedAverageShsOut": 783000815,
    "weightedAverageShsOutDil": 783000000,
    "link": "https://www.sec.gov/Archives/edgar/data/2488/000000248816000111/0000002488-16-000111-index.htm",
    "finalLink": "https://www.sec.gov/Archives/edgar/data/2488/000000248816000111/amd-12262015x10k.htm"
  }
]