[
  {
    "date": "2024-12-28",
    "symbol": "AMD",
    "reportedCurrency": "USD",
    "cik": "0000002488",
    "fillingDate": "2025-02-05",
    "acceptedDate": "2025-02-05 16:42:57",
    "calendarYear": "2024",
    "period": "Q4",
    "revenue": 7658000000,
    "costOfRevenue": 3776000000,
    "grossProfit": 3882000000,
    "grossProfitRatio": 0.5069208671,
    "researchAndDevelopmentExpenses": 1712000000,
    "generalAndAdministrativeExpenses": 0,
    "sellingAndMarketingExpenses": 0,
    "sellingGeneralAndAdministrativeExpenses": 792000000,
    "otherExpenses": 507000000,
    "operatingExpenses": 3011000000,
    "costAndExpenses": 6787000000,
    "interestIncome": 182000000,
    "interestExpense": 19000000,
    "depreciationAndAmortization": 1000000,
    "ebitda": 871000000,
    "ebitdaratio": 0.1137372682,
    "operatingIncome": 871000000,
    "operatingIncomeRatio": 0.1137372682,
    "totalOtherIncomeExpensesNet": 18000000,
    "incomeBeforeTax": 889000000,
    "incomeBeforeTaxRatio": 0.1160877514,
    "incomeTaxExpense": 419000000,
    "netIncome": 482000000,
    "netIncomeRatio": 0.0629407156,
    "eps": 0.3,
    "epsdiluted": 0.29,
    "weightedAverageShsOut": 1623000000,
    "weightedAverageShsOutDil": 1634000000,
    "link": "https://www.sec.gov/Archives/edgar/data/2488/000000248825000012/0000002488-25-000012-index.htm",
    "finalLink": "https://www.sec.gov/Archives/edgar/data/2488/000000248825000012/amd-20241228.htm"
  },
  {
    "date": "2024-09-28",
    "symbol": "AMD",
    "reportedCurrency": "USD",
    "cik": "0000002488",
    "fillingDate": "2024-10-30",
    "acceptedDate": "2024-10-30 16:26:03",
    "calendarYear": "2024",
    "period": "Q3",
    "revenue": 6819000000,
    "costOfRevenue": 3400000000,
    "grossProfit": 3419000000,
    "grossProfitRatio": 0.5013931662,
    "researchAndDevelopmentExpenses": 1636000000,
    "generalAndAdministrativeExpenses": 0,
    "sellingAndMarketingExpenses": 0,
    "sellingGeneralAndAdministrativeExpenses": 721000000,
    "otherExpenses": 338000000,
    "operatingExpenses": 2695000000,
    "costAndExpenses": 6109000000,
    "interestIncome": 0,
    "interestExpense": 23000000,
    "depreciationAndAmortization": 786000000,
    "ebitda": 1546000000,
    "ebitdaratio": 0.2267194603,
    "operatingIncome": 724000000,
    "operatingIncomeRatio": 0.1061739258,
    "totalOtherIncomeExpensesNet": 13000000,
    "incomeBeforeTax": 737000000,
    "incomeBeforeTaxRatio": 0.1080803637,
    "incomeTaxExpense": -27000000,
    "netIncome": 771000000,
    "netIncomeRatio": 0.113066432,
    "eps": 0.48,
    "epsdiluted": 0.47,
    "weightedAverageShsOut": 1620000000,
    "weightedAverageShsOutDil": 1636000000,
    "link": "https://www.sec.gov/Archives/edgar/data/2488/000000248824000163/0000002488-24-000163-index.htm",
    "finalLink": "https://www.sec.gov/Archives/edgar/data/2488/000000248824000163/amd-20240928.htm"
  },
  {
    "date": "2024-06-29",
    "symbol": "AMD",
    "reportedCurrency": "USD",
    "cik": "0000002488",
    "fillingDate": "2024-07-31",
    "acceptedDate": "2024-07-31 16:20:22",
    "calendarYear": "2024",
    "period": "Q2",
    "revenue": 5835000000,
    "costOfRevenue": 2740000000,
    "grossProfit": 3095000000,
    "grossProfitRatio": 0.53041988,
    "researchAndDevelopmentExpenses": 1583000000,
    "generalAndAdministrativeExpenses": 0,
    "sellingAndMarketingExpenses": 0,
    "sellingGeneralAndAdministrativeExpenses": 650000000,
    "otherExpenses": 55000000,
    "operatingExpenses": 2764000000,
    "costAndExpenses": 5504000000,
    "interestIncome": 25000000,
    "interestExpense": 25000000,
    "depreciationAndAmortization": 769000000,
    "ebitda": 1119000000,
    "ebitdaratio": 0.1917737789,
    "operatingIncome": 269000000,
    "operatingIncomeRatio": 0.046101114,
    "totalOtherIncomeExpensesNet": 30000000,
    "incomeBeforeTax": 299000000,
    "incomeBeforeTaxRatio": 0.0512425021,
    "incomeTaxExpense": 41000000,
    "netIncome": 265000000,
    "netIncomeRatio": 0.0454155955,
    "eps": 0.16,
    "epsdiluted": 0.16,
    "weightedAverageShsOut": 1656250000,
    "weightedAverageShsOutDil": 1637000000,
    "link": "https://www.sec.gov/Archives/edgar/data/2488/000000248824000123/0000002488-24-000123-index.htm",
    "finalLink": "https://www.sec.gov/Archives/edgar/data/2488/000000248824000123/amd-20240629.htm"
  },
  {
    "date": "2024-03-30",
    "symbol": "AMD",
    "reportedCurrency": "USD",
    "cik": "0000002488",
    "fillingDate": "2024-05-01",
    "acceptedDate": "2024-05-01 16:10:44",
    "calendarYear": "2024",
    "period": "Q1",
    "revenue": 5473000000,
    "costOfRevenue": 2683000000,
    "grossProfit": 2790000000,
    "grossProfitRatio": 0.5097752604,
    "researchAndDevelopmentExpenses": 1525000000,
    "generalAndAdministrativeExpenses": 0,
    "sellingAndMarketingExpenses": 0,
    "sellingGeneralAndAdministrativeExpenses": 620000000,
    "otherExpenses": 53000000,
    "operatingExpenses": 2694000000,
    "costAndExpenses": 5377000000,
    "interestIncome": 25000000,
    "interestExpense": 25000000,
    "depreciationAndAmortization": 784000000,
    "ebitda": 899000000,
    "ebitdaratio": 0.1642609172,
    "operatingIncome": 36000000,
    "operatingIncomeRatio": 0.0065777453,
    "totalOtherIncomeExpensesNet": 28000000,
    "incomeBeforeTax": 64000000,
    "incomeBeforeTaxRatio": 0.0116937694,
    "incomeTaxExpense": -52000000,
    "netIncome": 123000000,
    "netIncomeRatio": 0.0224739631,
    "eps": 0.08,
    "epsdiluted": 0.07,
    "weightedAverageShsOut": 1757142857,
    "weightedAverageShsOutDil": 1639000000,
    "link": "https://www.sec.gov/Archives/edgar/data/2488/000000248824000056/0000002488-24-000056-index.htm",
    "finalLink": "https://www.sec.gov/Archives/edgar/data/2488/000000248824000056/amd-20240330.htm"
  },
  {
    "date": "2023-12-30",
    "symbol": "AMD",
    "reportedCurrency": "USD",
    "cik": "0000002488",
    "fillingDate": "2024-01-31",
    "acceptedDate": "2024-01-31 17:16:39",
    "calendarYear": "2023",
    "period": "Q4",
    "revenue": 6168000000,
    "costOfRevenue": 3042000000,
    "grossProfit": 3126000000,
    "grossProfitRatio": 0.5068093385,
    "researchAndDevelopmentExpenses": 1511000000,
    "generalAndAdministrativeExpenses": -51000000,
    "sellingAndMarketingExpenses": 695000000,
    "sellingGeneralAndAdministrativeExpenses": 644000000,
    "otherExpenses": -156000000,
    "operatingExpenses": 2788000000,
    "costAndExpenses": 5830000000,
    "interestIncome": 32000000,
    "interestExpense": 27000000,
    "depreciationAndAmortization": 799000000,
    "ebitda": 1215000000,
    "ebitdaratio": 0.1969844358,
    "operatingIncome": 342000000,
    "operatingIncomeRatio": 0.0554474708,
    "totalOtherIncomeExpensesNet": 22000000,
    "incomeBeforeTax": 364000000,
    "incomeBeforeTaxRatio": 0.0590142672,
    "incomeTaxExpense": -297000000,
    "netIncome": 667000000,
    "netIncomeRatio": 0.1081387808,
    "eps": 0.41,
    "epsdiluted": 0.41,
    "weightedAverageShsOut": 1616002054,
    "weightedAverageShsOutDil": 1628000000,
    "link": "https://www.sec.gov/Archives/edgar/data/2488/000000248824000012/0000002488-24-000012-index.htm",
    "finalLink": "https://www.sec.gov/Archives/edgar/data/2488/000000248824000012/amd-20231230.htm"
  },
  {
    "date": "2023-09-30",
    "symbol": "AMD",
    "reportedCurrency": "USD",
    "cik": "0000002488",
    "fillingDate": "2023-11-01",
    "acceptedDate": "2023-11-01 16:20:28",
    "calendarYear": "2023",
    "period": "Q3",
    "revenue": 5800000000,
    "costOfRevenue": 2843000000,
    "grossProfit": 2957000000,
    "grossProfitRatio": 0.5098275862,
    "researchAndDevelopmentExpenses": 1507000000,
    "generalAndAdministrativeExpenses": 0,
    "sellingAndMarketingExpenses": 0,
    "sellingGeneralAndAdministrativeExpenses": 576000000,
    "otherExpenses": 59000000,
    "operatingExpenses": 2730000000,
    "costAndExpenses": 5573000000,
    "interestIncome": 33000000,
    "interestExpense": 26000000,
    "depreciationAndAmortization": 823000000,
    "ebitda": 1131000000,
    "ebitdaratio": 0.195,
    "operatingIncome": 224000000,
    "operatingIncomeRatio": 0.0386206897,
    "totalOtherIncomeExpensesNet": 33000000,
    "incomeBeforeTax": 257000000,
    "incomeBeforeTaxRatio": 0.0443103448,
    "incomeTaxExpense": -39000000,
    "netIncome": 299000000,
    "netIncomeRatio": 0.0515517241,
    "eps": 0.18,
    "epsdiluted": 0.18,
    "weightedAverageShsOut": 1661111111,
    "weightedAverageShsOutDil": 1629000000,
    "link": "https://www.sec.gov/Archives/edgar/data/2488/000000248823000195/0000002488-23-000195-index.htm",
    "finalLink": "https://www.sec.gov/Archives/edgar/data/2488/000000248823000195/amd-20230930.htm"
  },
  {
    "date": "2023-07-01",
    "symbol": "AMD",
    "reportedCurrency": "USD",
    "cik": "0000002488",
    "fillingDate": "2023-08-02",
    "acceptedDate": "2023-08-02 17:12:01",
    "calendarYear": "2023",
    "period": "Q2",
    "revenue": 5359000000,
    "costOfRevenue": 2704000000,
    "grossProfit": 2655000000,
    "grossProfitRatio": 0.4954282515,
    "researchAndDevelopmentExpenses": 1443000000,
    "generalAndAdministrativeExpenses": 0,
    "sellingAndMarketingExpenses": 0,
    "sellingGeneralAndAdministrativeExpenses": 547000000,
    "otherExpenses": 46000000,
    "operatingExpenses": 2623000000,
    "costAndExpenses": 5327000000,
    "interestIncome": 28000000,
    "interestExpense": 28000000,
    "depreciationAndAmortization": 849000000,
    "ebitda": 899000000,
    "ebitdaratio": 0.1677551782,
    "operatingIncome": -20000000,
    "operatingIncomeRatio": -0.0037320396,
    "totalOtherIncomeExpensesNet": 18000000,
    "incomeBeforeTax": -2000000,
    "incomeBeforeTaxRatio": -0.000373204,
    "incomeTaxExpense": -23000000,
    "netIncome": 27000000,
    "netIncomeRatio": 0.0050382534,
    "eps": 0.02,
    "epsdiluted": 0.02,
    "weightedAverageShsOut": 1612036539,
    "weightedAverageShsOutDil": 1627000000,
    "link": "https://www.sec.gov/Archives/edgar/data/2488/000000248823000139/0000002488-23-000139-index.htm",
    "finalLink": "https://www.sec.gov/Archives/edgar/data/2488/000000248823000139/amd-20230701.htm"
  },
  {
    "date": "2023-04-01",
    "symbol": "AMD",
    "reportedCurrency": "USD",
    "cik": "0000002488",
    "fillingDate": "2023-05-03",
    "acceptedDate": "2023-05-03 16:28:42",
    "calendarYear": "2023",
    "period": "Q1",
    "revenue": 5353000000,
    "costOfRevenue": 2689000000,
    "grossProfit": 2664000000,
    "grossProfitRatio": 0.4976648608,
    "researchAndDevelopmentExpenses": 1411000000,
    "generalAndAdministrativeExpenses": 0,
    "sellingAndMarketingExpenses": 0,
    "sellingGeneralAndAdministrativeExpenses": 585000000,
    "otherExpenses": 43000000,
    "operatingExpenses": 2765000000,
    "costAndExpenses": 5454000000,
    "interestIncome": 25000000,
    "interestExpense": 25000000,
    "depreciationAndAmortization": 982000000,
    "ebitda": 904000000,
    "ebitdaratio": 0.1688772651,
    "operatingIncome": -145000000,
    "operatingIncomeRatio": -0.0270876144,
    "totalOtherIncomeExpensesNet": 18000000,
    "incomeBeforeTax": -127000000,
    "incomeBeforeTaxRatio": -0.023725014,
    "incomeTaxExpense": 13000000,
    "netIncome": -139000000,
    "netIncomeRatio": -0.0259667476,
    "eps": -0.09,
    "epsdiluted": -0.09,
    "weightedAverageShsOut": 1544444444,
    "weightedAverageShsOutDil": 1611000000,
    "link": "https://www.sec.gov/Archives/edgar/data/2488/000000248823000076/0000002488-23-000076-index.htm",
    "finalLink": "https://www.sec.gov/Archives/edgar/data/2488/000000248823000076/amd-20230401.htm"
  },
  {
    "date": "2022-12-31",
    "symbol": "AMD",
    "reportedCurrency": "USD",
    "cik": "0000002488",
    "fillingDate": "2023-02-27",
    "acceptedDate": "2023-02-27 16:20:39",
    "calendarYear": "2022",
    "period": "Q4",
    "revenue": 5599000000,
    "costOfRevenue": 2753000000,
    "grossProfit": 2846000000,
    "grossProfitRatio": 0.5083050545,
    "researchAndDevelopmentExpenses": 1366000000,
    "generalAndAdministrativeExpenses": -93000000,
    "sellingAndMarketingExpenses": 683000000,
    "sellingGeneralAndAdministrativeExpenses": 590000000,
    "otherExpenses": 29000000,
    "operatingExpenses": 2992000000,
    "costAndExpenses": 5745000000,
    "interestIncome": 13000000,
    "interestExpense": 19000000,
    "depreciationAndAmortization": 482000000,
    "ebitda": 333000000,
    "ebitdaratio": 0.0594749062,
    "operatingIncome": -149000000,
    "operatingIncomeRatio": -0.026611895,
    "totalOtherIncomeExpensesNet": 13000000,
    "incomeBeforeTax": -136000000,
    "incomeBeforeTaxRatio": -0.0242900518,
    "incomeTaxExpense": -154000000,
    "netIncome": 21000000,
    "netIncomeRatio": 0.0037506698,
    "eps": 0.01,
    "epsdiluted": 0.01,
    "weightedAverageShsOut": 2528292800,
    "weightedAverageShsOutDil": 1618000000,
    "link": "https://www.sec.gov/Archives/edgar/data/2488/000000248823000047/0000002488-23-000047-index.htm",
    "finalLink": "https://www.sec.gov/Archives/edgar/data/2488/000000248823000047/amd-20221231.htm"
  },
  {
    "date": "2022-09-24",
    "symbol": "AMD",
    "reportedCurrency": "USD",
    "cik": "0000002488",
    "fillingDate": "2022-11-02",
    "acceptedDate": "2022-11-02 16:35:10",
    "calendarYear": "2022",
    "period": "Q3",
    "revenue": 5565000000,
    "costOfRevenue": 3211000000,
    "grossProfit": 2354000000,
    "grossProfitRatio": 0.4230008985,
    "researchAndDevelopmentExpenses": 1279000000,
    "generalAndAdministrativeExpenses": 0,
    "sellingAndMarketingExpenses": 0,
    "sellingGeneralAndAdministrativeExpenses": 557000000,
    "otherExpenses": 22000000,
    "operatingExpenses": 2418000000,
    "costAndExpenses": 5629000000,
    "interestIncome": 0,
    "interestExpense": 31000000,
    "depreciationAndAmortization": 590000000,
    "ebitda": 548000000,
    "ebitdaratio": 0.0984725966,
    "operatingIncome": -64000000,
    "operatingIncomeRatio": -0.0115004492,
    "totalOtherIncomeExpensesNet": -9000000,
    "incomeBeforeTax": -73000000,
    "incomeBeforeTaxRatio": -0.0131176999,
    "incomeTaxExpense": -135000000,
    "netIncome": 66000000,
    "netIncomeRatio": 0.0118598383,
    "eps": 0.04,
    "epsdiluted": 0.04,
    "weightedAverageShsOut": 1615000000,
    "weightedAverageShsOutDil": 1625000000,
    "link": "https://www.sec.gov/Archives/edgar/data/2488/000000248822000170/0000002488-22-000170-index.htm",
    "finalLink": "https://www.sec.gov/Archives/edgar/data/2488/000000248822000170/amd-20220924.htm"
  },
  {
    "date": "2022-06-25",
    "symbol": "AMD",
    "reportedCurrency": "USD",
    "cik": "0000002488",
    "fillingDate": "2022-08-03",
    "acceptedDate": "2022-08-03 17:15:57",
    "calendarYear": "2022",
    "period": "Q2",
    "revenue": 6550000000,
    "costOfRevenue": 3115000000,
    "grossProfit": 3435000000,
    "grossProfitRatio": 0.5244274809,
    "researchAndDevelopmentExpenses": 1300000000,
    "generalAndAdministrativeExpenses": 0,
    "sellingAndMarketingExpenses": 0,
    "sellingGeneralAndAdministrativeExpenses": 592000000,
    "otherExpenses": 0,
    "operatingExpenses": 2909000000,
    "costAndExpenses": 6024000000,
    "interestIncome": 25000000,
    "interestExpense": 25000000,
    "depreciationAndAmortization": 1180000000,
    "ebitda": 1723000000,
    "ebitdaratio": 0.2630534351,
    "operatingIncome": 526000000,
    "operatingIncomeRatio": 0.0803053435,
    "totalOtherIncomeExpensesNet": -29000000,
    "incomeBeforeTax": 497000000,
    "incomeBeforeTaxRatio": 0.0758778626,
    "incomeTaxExpense": 54000000,
    "netIncome": 447000000,
    "netIncomeRatio": 0.0682442748,
    "eps": 0.28,
    "epsdiluted": 0.27,
    "weightedAverageShsOut": 1655555555,
    "weightedAverageShsOutDil": 1632000000,
    "link": "https://www.sec.gov/Archives/edgar/data/2488/000000248822000123/0000002488-22-000123-index.htm",
    "finalLink": "https://www.sec.gov/Archives/edgar/data/2488/000000248822000123/amd-20220625.htm"
  },
  {
    "date": "2022-03-26",
    "symbol": "AMD",
    "reportedCurrency": "USD",
    "cik": "0000002488",
    "fillingDate": "2022-05-04",
    "acceptedDate": "2022-05-04 16:50:40",
    "calendarYear": "2022",
    "period": "Q1",
    "revenue": 5887000000,
    "costOfRevenue": 2883000000,
    "grossProfit": 3004000000,
    "grossProfitRatio": 0.5102768813,
    "researchAndDevelopmentExpenses": 1060000000,
    "generalAndAdministrativeExpenses": 0,
    "sellingAndMarketingExpenses": 0,
    "sellingGeneralAndAdministrativeExpenses": 597000000,
    "otherExpenses": 0,
    "operatingExpenses": 2092000000,
    "costAndExpenses": 4975000000,
    "interestIncome": 13000000,
    "interestExpense": 13000000,
    "depreciationAndAmortization": 609000000,
    "ebitda": 1537000000,
    "ebitdaratio": 0.2610837438,
    "operatingIncome": 951000000,
    "operatingIncomeRatio": 0.1615423815,
    "totalOtherIncomeExpensesNet": -55000000,
    "incomeBeforeTax": 896000000,
    "incomeBeforeTaxRatio": 0.1521997622,
    "incomeTaxExpense": 113000000,
    "netIncome": 786000000,
    "netIncomeRatio": 0.1335145235,
    "eps": 0.56,
    "epsdiluted": 0.56,
    "weightedAverageShsOut": 1403571428,
    "weightedAverageShsOutDil": 1410000000,
    "link": "https://www.sec.gov/Archives/edgar/data/2488/000000248822000078/0000002488-22-000078-index.htm",
    "finalLink": "https://www.sec.gov/Archives/edgar/data/2488/000000248822000078/amd-20220326.htm"
  },
  {
    "date": "2021-12-25",
    "symbol": "AMD",
    "reportedCurrency": "USD",
    "cik": "0000002488",
    "fillingDate": "2022-02-03",
    "acceptedDate": "2022-02-03 17:22:50",
    "calendarYear": "2021",
    "period": "Q4",
    "revenue": 4826000000,
    "costOfRevenue": 2400000000,
    "grossProfit": 2426000000,
    "grossProfitRatio": 0.5026937422,
    "researchAndDevelopmentExpenses": 811000000,
    "generalAndAdministrativeExpenses": 0,
    "sellingAndMarketingExpenses": 578000000,
    "sellingGeneralAndAdministrativeExpenses": 445000000,
    "otherExpenses": 0,
    "operatingExpenses": 1223000000,
    "costAndExpenses": 3623000000,
    "interestIncome": 0,
    "interestExpense": 8000000,
    "depreciationAndAmortization": 118000000,
    "ebitda": 1345000000,
    "ebitdaratio": 0.2786987153,
    "operatingIncome": 1174000000,
    "operatingIncomeRatio": 0.2432656444,
    "totalOtherIncomeExpensesNet": -4000000,
    "incomeBeforeTax": 1203000000,
    "incomeBeforeTaxRatio": 0.2492747617,
    "incomeTaxExpense": 229000000,
    "netIncome": 974000000,
    "netIncomeRatio": 0.2018234563,
    "eps": 0.81,
    "epsdiluted": 0.8,
    "weightedAverageShsOut": 1230400751,
    "weightedAverageShsOutDil": 1222000000,
    "link": "https://www.sec.gov/Archives/edgar/data/2488/000000248822000016/0000002488-22-000016-index.htm",
    "finalLink": "https://www.sec.gov/Archives/edgar/data/2488/000000248822000016/amd-20211225.htm"
  },
  {
    "date": "2021-09-25",
    "symbol": "AMD",
    "reportedCurrency": "USD",
    "cik": "0000002488",
    "fillingDate": "2021-10-27",
    "acceptedDate": "2021-10-27 16:37:56",
    "calendarYear": "2021",
    "period": "Q3",
    "revenue": 4313000000,
    "costOfRevenue": 2227000000,
    "grossProfit": 2086000000,
    "grossProfitRatio": 0.4836540691,
    "researchAndDevelopmentExpenses": 765000000,
    "generalAndAdministrativeExpenses": 0,
    "sellingAndMarketingExpenses": 0,
    "sellingGeneralAndAdministrativeExpenses": 368000000,
    "otherExpenses": 0,
    "operatingExpenses": 1074000000,
    "costAndExpenses": 3301000000,
    "interestIncome": 7000000,
    "interestExpense": 7000000,
    "depreciationAndAmortization": 97000000,
    "ebitda": 1122000000,
    "ebitdaratio": 0.2601437514,
    "operatingIncome": 956000000,
    "operatingIncomeRatio": 0.2216554602,
    "totalOtherIncomeExpensesNet": 55000000,
    "incomeBeforeTax": 1003000000,
    "incomeBeforeTaxRatio": 0.2325527475,
    "incomeTaxExpense": 82000000,
    "netIncome": 923000000,
    "netIncomeRatio": 0.2140041734,
    "eps": 0.76,
    "epsdiluted": 0.75,
    "weightedAverageShsOut": 1230666666,
    "weightedAverageShsOutDil": 1230000000,
    "link": "https://www.sec.gov/Archives/edgar/data/2488/000000248821000178/0000002488-21-000178-index.htm",
    "finalLink": "https://www.sec.gov/Archives/edgar/data/2488/000000248821000178/amd-20210925.htm"
  },
  {
    "date": "2021-06-26",
    "symbol": "AMD",
    "reportedCurrency": "USD",
    "cik": "0000002488",
    "fillingDate": "2021-07-28",
    "acceptedDate": "2021-07-28 16:46:31",
    "calendarYear": "2021",
    "period": "Q2",
    "revenue": 3850000000,
    "costOfRevenue": 2020000000,
    "grossProfit": 1830000000,
    "grossProfitRatio": 0.4753246753,
    "researchAndDevelopmentExpenses": 659000000,
    "generalAndAdministrativeExpenses": 0,
    "sellingAndMarketingExpenses": 0,
    "sellingGeneralAndAdministrativeExpenses": 341000000,
    "otherExpenses": 0,
    "operatingExpenses": 997000000,
    "costAndExpenses": 3017000000,
    "interestIncome": 10000000,
    "interestExpense": 10000000,
    "depreciationAndAmortization": 97000000,
    "ebitda": 831000000,
    "ebitdaratio": 0.2158441558,
    "operatingIncome": 831000000,
    "operatingIncomeRatio": 0.2158441558,
    "totalOtherIncomeExpensesNet": -10000000,
    "incomeBeforeTax": 821000000,
    "incomeBeforeTaxRatio": 0.2132467532,
    "incomeTaxExpense": 113000000,
    "netIncome": 710000000,
    "netIncomeRatio": 0.1844155844,
    "eps": 0.58,
    "epsdiluted": 0.58,
    "weightedAverageShsOut": 1224137931,
    "weightedAverageShsOutDil": 1232000000,
    "link": "https://www.sec.gov/Archives/edgar/data/2488/000000248821000116/0000002488-21-000116-index.htm",
    "finalLink": "https://www.sec.gov/Archives/edgar/data/2488/000000248821000116/amd-20210626.htm"
  },
  {
    "date": "2021-03-27",
    "symbol": "AMD",
    "reportedCurrency": "USD",
    "cik": "0000002488",
    "fillingDate": "2021-04-28",
    "acceptedDate": "2021-04-28 16:39:55",
    "calendarYear": "2021",
    "period": "Q1",
    "revenue": 3445000000,
    "costOfRevenue": 1858000000,
    "grossProfit": 1587000000,
    "grossProfitRatio": 0.4606676343,
    "researchAndDevelopmentExpenses": 610000000,
    "generalAndAdministrativeExpenses": 0,
    "sellingAndMarketingExpenses": 0,
    "sellingGeneralAndAdministrativeExpenses": 319000000,
    "otherExpenses": 0,
    "operatingExpenses": 934000000,
    "costAndExpenses": 2792000000,
    "interestIncome": 9000000,
    "interestExpense": 9000000,
    "depreciationAndAmortization": 95000000,
    "ebitda": 758000000,
    "ebitdaratio": 0.2200290276,
    "operatingIncome": 662000000,
    "operatingIncomeRatio": 0.1921625544,
    "totalOtherIncomeExpensesNet": -20000000,
    "incomeBeforeTax": 642000000,
    "incomeBeforeTaxRatio": 0.1863570392,
    "incomeTaxExpense": 89000000,
    "netIncome": 555000000,
    "netIncomeRatio": 0.1611030479,
    "eps": 0.46,
    "epsdiluted": 0.45,
    "weightedAverageShsOut": 1233333333,
    "weightedAverageShsOutDil": 1231000000,
    "link": "https://www.sec.gov/Archives/edgar/data/2488/000000248821000056/0000002488-21-000056-index.htm",
    "finalLink": "https://www.sec.gov/Archives/edgar/data/2488/000000248821000056/amd-20210327.htm"
  },
  {
    "date": "2020-12-26",
    "symbol": "AMD",
    "reportedCurrency": "USD",
    "cik": "0000002488",
    "fillingDate": "2021-01-29",
    "acceptedDate": "2021-01-29 17:24:00",
    "calendarYear": "2020",
    "period": "Q4",
    "revenue": 3244000000,
    "costOfRevenue": 1793000000,
    "grossProfit": 1451000000,
    "grossProfitRatio": 0.4472872996,
    "researchAndDevelopmentExpenses": 573000000,
    "generalAndAdministrativeExpenses": 0,
    "sellingAndMarketingExpenses": 314000000,
    "sellingGeneralAndAdministrativeExpenses": 308000000,
    "otherExpenses": 0,
    "operatingExpenses": 901000000,
    "costAndExpenses": 2694000000,
    "interestIncome": 1000000,
    "interestExpense": 2000000,
    "depreciationAndAmortization": 90000000,
    "ebitda": 656000000,
    "ebitdaratio": 0.2022194821,
    "operatingIncome": 570000000,
    "operatingIncomeRatio": 0.1757090012,
    "totalOtherIncomeExpensesNet": -24000000,
    "incomeBeforeTax": 546000000,
    "incomeBeforeTaxRatio": 0.1683107275,
    "incomeTaxExpense": -1232000000,
    "netIncome": 1781000000,
    "netIncomeRatio": 0.5490135635,
    "eps": 1.48,
    "epsdiluted": 1.45,
    "weightedAverageShsOut": 1228069207,
    "weightedAverageShsOutDil": 1226000000,
    "link": "https://www.sec.gov/Archives/edgar/data/2488/000162828021001185/0001628280-21-001185-index.htm",
    "finalLink": "https://www.sec.gov/Archives/edgar/data/2488/000162828021001185/amd-20201226.htm"
  },
  {
    "date": "2020-09-26",
    "symbol": "AMD",
    "reportedCurrency": "USD",
    "cik": "0000002488",
    "fillingDate": "2020-10-28",
    "acceptedDate": "2020-10-28 16:59:17",
    "calendarYear": "2020",
    "period": "Q3",
    "revenue": 2801000000,
    "costOfRevenue": 1571000000,
    "grossProfit": 1230000000,
    "grossProfitRatio": 0.4391288825,
    "researchAndDevelopmentExpenses": 508000000,
    "generalAndAdministrativeExpenses": 0,
    "sellingAndMarketingExpenses": 0,
    "sellingGeneralAndAdministrativeExpenses": 273000000,
    "otherExpenses": 0,
    "operatingExpenses": 817000000,
    "costAndExpenses": 2388000000,
    "interestIncome": 11000000,
    "interestExpense": 11000000,
    "depreciationAndAmortization": 82000000,
    "ebitda": 505000000,
    "ebitdaratio": 0.1802927526,
    "operatingIncome": 449000000,
    "operatingIncomeRatio": 0.1602998929,
    "totalOtherIncomeExpensesNet": -48000000,
    "incomeBeforeTax": 401000000,
    "incomeBeforeTaxRatio": 0.143163156,
    "incomeTaxExpense": 12000000,
    "netIncome": 390000000,
    "netIncomeRatio": 0.1392359871,
    "eps": 0.33,
    "epsdiluted": 0.32,
    "weightedAverageShsOut": 1211895217,
    "weightedAverageShsOutDil": 1215000000,
    "link": "https://www.sec.gov/Archives/edgar/data/2488/000000248820000164/0000002488-20-000164-index.htm",
    "finalLink": "https://www.sec.gov/Archives/edgar/data/2488/000000248820000164/amd-20200926.htm"
  },
  {
    "date": "2020-06-27",
    "symbol": "AMD",
    "reportedCurrency": "USD",
    "cik": "0000002488",
    "fillingDate": "2020-07-29",
    "acceptedDate": "2020-07-29 16:52:29",
    "calendarYear": "2020",
    "period": "Q2",
    "revenue": 1932000000,
    "costOfRevenue": 1084000000,
    "grossProfit": 848000000,
    "grossProfitRatio": 0.4389233954,
    "researchAndDevelopmentExpenses": 460000000,
    "generalAndAdministrativeExpenses": 0,
    "sellingAndMarketingExpenses": 0,
    "sellingGeneralAndAdministrativeExpenses": 215000000,
    "otherExpenses": 0,
    "operatingExpenses": 673000000,
    "costAndExpenses": 1757000000,
    "interestIncome": 14000000,
    "interestExpense": 14000000,
    "depreciationAndAmortization": 72000000,
    "ebitda": 256000000,
    "ebitdaratio": 0.132505176,
    "operatingIncome": 173000000,
    "operatingIncomeRatio": 0.0895445135,
    "totalOtherIncomeExpensesNet": -13000000,
    "incomeBeforeTax": 160000000,
    "incomeBeforeTaxRatio": 0.082815735,
    "incomeTaxExpense": 4000000,
    "netIncome": 157000000,
    "netIncomeRatio": 0.08126294,
    "eps": 0.13,
    "epsdiluted": 0.13,
    "weightedAverageShsOut": 1203996963,
    "weightedAverageShsOutDil": 1227000000,
    "link": "https://www.sec.gov/Archives/edgar/data/2488/000000248820000103/0000002488-20-000103-index.htm",
    "finalLink": "https://www.sec.gov/Archives/edgar/data/2488/000000248820000103/amd-20200627.htm"
  },
  {
    "date": "2020-03-28",
    "symbol": "AMD",
    "reportedCurrency": "USD",
    "cik": "0000002488",
    "fillingDate": "2020-04-29",
    "acceptedDate": "2020-04-29 16:33:04",
    "calendarYear": "2020",
    "period": "Q1",
    "revenue": 1786000000,
    "costOfRevenue": 968000000,
    "grossProfit": 818000000,
    "grossProfitRatio": 0.4580067189,
    "researchAndDevelopmentExpenses": 442000000,
    "generalAndAdministrativeExpenses": 0,
    "sellingAndMarketingExpenses": 0,
    "sellingGeneralAndAdministrativeExpenses": 199000000,
    "otherExpenses": 0,
    "operatingExpenses": 637000000,
    "costAndExpenses": 1605000000,
    "interestIncome": 13000000,
    "interestExpense": 13000000,
    "depreciationAndAmortization": 68000000,
    "ebitda": 259000000,
    "ebitdaratio": 0.1450167973,
    "operatingIncome": 177000000,
    "operatingIncomeRatio": 0.0991041433,
    "totalOtherIncomeExpensesNet": -9000000,
    "incomeBeforeTax": 168000000,
    "incomeBeforeTaxRatio": 0.0940649496,
    "incomeTaxExpense": 6000000,
    "netIncome": 162000000,
    "netIncomeRatio": 0.0907054871,
    "eps": 0.14,
    "epsdiluted": 0.14,
    "weightedAverageShsOut": 1194514083,
    "weightedAverageShsOutDil": 1224000000,
    "link": "https://www.sec.gov/Archives/edgar/data/2488/000000248820000051/0000002488-20-000051-index.htm",
    "finalLink": "https://www.sec.gov/Archives/edgar/data/2488/000000248820000051/amdq1fy2010q.htm"
  }
]