[
  {
    "date": "2024-12-31",
    "symbol": "ASML",
    "reportedCurrency": "EUR",
    "cik": "0000937966",
    "fillingDate": "2025-03-05",
    "acceptedDate": "2025-03-05 06:21:06",
    "calendarYear": "2024",
    "period": "FY",
    "revenue": 28262900000,
    "costOfRevenue": 13770900000,
    "grossProfit": 14492000000,
    "grossProfitRatio": 0.5127570065,
    "researchAndDevelopmentExpenses": 4303700000,
    "generalAndAdministrativeExpenses": 0,
    "sellingAndMarketingExpenses": 0,
    "sellingGeneralAndAdministrativeExpenses": 1165700000,
    "otherExpenses": 0,
    "operatingExpenses": 5469400000,
    "costAndExpenses": 19240300000,
    "interestIncome": 0,
    "interestExpense": 0,
    "depreciationAndAmortization": 918600000,
    "ebitda": 9941200000,
    "ebitdaratio": 0.3517402673,
    "operatingIncome": 9022600000,
    "operatingIncomeRatio": 0.3192382947,
    "totalOtherIncomeExpensesNet": 19800000,
    "incomeBeforeTax": 9042400000,
    "incomeBeforeTaxRatio": 0.3199388598,
    "incomeTaxExpense": 1435800000,
    "netIncome": 7571600000,
    "netIncomeRatio": 0.2678989063,
    "eps": 19.24,
    "epsdiluted": 19.24,
    "weightedAverageShsOut": 393534303,
    "weightedAverageShsOutDil": 393600000,
    "link": "https://www.sec.gov/Archives/edgar/data/937966/000093796625000009/0000937966-25-000009-index.htm",
    "finalLink": "https://www.sec.gov/Archives/edgar/data/937966/000093796625000009/asml-20241231.htm"
  },
  {
    "date": "2023-12-31",
    "symbol": "ASML",
    "reportedCurrency": "EUR",
    "cik": "0000937966",
    "fillingDate": "2024-02-14",
    "acceptedDate": "2024-02-14 06:09:17",
    "calendarYear": "2023",
    "period": "FY",
    "revenue": 27558500000,
    "costOfRevenue": 13422400000,
    "grossProfit": 14136100000,
    "grossProfitRatio": 0.512948818,
    "researchAndDevelopmentExpenses": 3980600000,
    "generalAndAdministrativeExpenses": 0,
    "sellingAndMarketingExpenses": 0,
    "sellingGeneralAndAdministrativeExpenses": 1113200000,
    "otherExpenses": 0,
    "operatingExpenses": 5093800000,
    "costAndExpenses": 18516200000,
    "interestIncome": 193900000,
    "interestExpense": 152700000,
    "depreciationAndAmortization": 739800000,
    "ebitda": 9976000000,
    "ebitdaratio": 0.3619935773,
    "operatingIncome": 9042300000,
    "operatingIncomeRatio": 0.3281129234,
    "totalOtherIncomeExpensesNet": 41200000,
    "incomeBeforeTax": 9083500000,
    "incomeBeforeTaxRatio": 0.329607925,
    "incomeTaxExpense": 1435800000,
    "netIncome": 7839000000,
    "netIncomeRatio": 0.2844494439,
    "eps": 19.89,
    "epsdiluted": 19.89,
    "weightedAverageShsOut": 394117647,
    "weightedAverageShsOutDil": 394100000,
    "link": "https://www.sec.gov/Archives/edgar/data/937966/000093796624000008/0000937966-24-000008-index.htm",
    "finalLink": "https://www.sec.gov/Archives/edgar/data/937966/000093796624000008/asml-20231231.htm"
  },
  {
    "date": "2022-12-31",
    "symbol": "ASML",
    "reportedCurrency": "EUR",
    "cik": "0000937966",
    "fillingDate": "2022-12-31",
    "acceptedDate": "2022-12-30 19:00:00",
    "calendarYear": "2022",
    "period": "FY",
    "revenue": 21173400000,
    "costOfRevenue": 10660700000,
    "grossProfit": 10512700000,
    "grossProfitRatio": 0.4965050488,
    "researchAndDevelopmentExpenses": 2282100000,
    "generalAndAdministrativeExpenses": 0,
    "sellingAndMarketingExpenses": 0,
    "sellingGeneralAndAdministrativeExpenses": 909600000,
    "otherExpenses": 0,
    "operatingExpenses": 3191700000,
    "costAndExpenses": 13852400000,
    "interestIncome": 16200000,
    "interestExpense": 60800000,
    "depreciationAndAmortization": 640700000,
    "ebitda": 7157600000,
    "ebitdaratio": 0.3380467946,
    "operatingIncome": 7321000000,
    "operatingIncomeRatio": 0.3457640247,
    "totalOtherIncomeExpensesNet": -44600000,
    "incomeBeforeTax": 7276400000,
    "incomeBeforeTaxRatio": 0.3436576081,
    "incomeTaxExpense": 1018600000,
    "netIncome": 5624200000,
    "netIncomeRatio": 0.265625738,
    "eps": 14.14,
    "epsdiluted": 14.13,
    "weightedAverageShsOut": 397700000,
    "weightedAverageShsOutDil": 398000000,
    "link": "",
    "finalLink": ""
  },
  {
    "date": "2021-12-31",
    "symbol": "ASML",
    "reportedCurrency": "EUR",
    "cik": "0000937966",
    "fillingDate": "2021-12-31",
    "acceptedDate": "2021-12-30 19:00:00",
    "calendarYear": "2021",
    "period": "FY",
    "revenue": 18611000000,
    "costOfRevenue": 8802000000,
    "grossProfit": 9809000000,
    "grossProfitRatio": 0.5270538929,
    "researchAndDevelopmentExpenses": 2547000000,
    "generalAndAdministrativeExpenses": 0,
    "sellingAndMarketingExpenses": 0,
    "sellingGeneralAndAdministrativeExpenses": 725600000,
    "otherExpenses": 213700000,
    "operatingExpenses": 3272600000,
    "costAndExpenses": 12074600000,
    "interestIncome": 10000000,
    "interestExpense": 54600000,
    "depreciationAndAmortization": 454600000,
    "ebitda": 6991000000,
    "ebitdaratio": 0.3756380635,
    "operatingIncome": 6750100000,
    "operatingIncomeRatio": 0.3626941056,
    "totalOtherIncomeExpensesNet": -44600000,
    "incomeBeforeTax": 6705500000,
    "incomeBeforeTaxRatio": 0.3602976734,
    "incomeTaxExpense": 1021400000,
    "netIncome": 5883200000,
    "netIncomeRatio": 0.3161141261,
    "eps": 14.36,
    "epsdiluted": 14.34,
    "weightedAverageShsOut": 409800000,
    "weightedAverageShsOutDil": 410400000,
    "link": "",
    "finalLink": ""
  },
  {
    "date": "2020-12-31",
    "symbol": "ASML",
    "reportedCurrency": "EUR",
    "cik": "0000937966",
    "fillingDate": "2020-12-31",
    "acceptedDate": "2020-12-30 19:00:00",
    "calendarYear": "2020",
    "period": "FY",
    "revenue": 13978500000,
    "costOfRevenue": 7181300000,
    "grossProfit": 6797200000,
    "grossProfitRatio": 0.4862610437,
    "researchAndDevelopmentExpenses": 2200800000,
    "generalAndAdministrativeExpenses": 0,
    "sellingAndMarketingExpenses": 0,
    "sellingGeneralAndAdministrativeExpenses": 544900000,
    "otherExpenses": 0,
    "operatingExpenses": 2745700000,
    "costAndExpenses": 9927000000,
    "interestIncome": 8400000,
    "interestExpense": 43400000,
    "depreciationAndAmortization": 475200000,
    "ebitda": 4526700000,
    "ebitdaratio": 0.3238330293,
    "operatingIncome": 4051500000,
    "operatingIncomeRatio": 0.2898379654,
    "totalOtherIncomeExpensesNet": -34900000,
    "incomeBeforeTax": 4016600000,
    "incomeBeforeTaxRatio": 0.2873412741,
    "incomeTaxExpense": 551500000,
    "netIncome": 3553700000,
    "netIncomeRatio": 0.254226133,
    "eps": 8.5,
    "epsdiluted": 8.48,
    "weightedAverageShsOut": 418300000,
    "weightedAverageShsOutDil": 419100000,
    "link": "",
    "finalLink": ""
  },
  {
    "date": "2019-12-31",
    "symbol": "ASML",
    "reportedCurrency": "EUR",
    "cik": "0000937966",
    "fillingDate": "2019-12-31",
    "acceptedDate": "2019-12-30 19:00:00",
    "calendarYear": "2019",
    "period": "FY",
    "revenue": 11820000000,
    "costOfRevenue": 6919900000,
    "grossProfit": 4900100000,
    "grossProfitRatio": 0.4145600677,
    "researchAndDevelopmentExpenses": 1662900000,
    "generalAndAdministrativeExpenses": 0,
    "sellingAndMarketingExpenses": 0,
    "sellingGeneralAndAdministrativeExpenses": 520500000,
    "otherExpenses": 0,
    "operatingExpenses": 2183400000,
    "costAndExpenses": 9103300000,
    "interestIncome": 11600000,
    "interestExpense": 36600000,
    "depreciationAndAmortization": 440700000,
    "ebitda": 3243100000,
    "ebitdaratio": 0.2743739425,
    "operatingIncome": 2716700000,
    "operatingIncomeRatio": 0.2298392555,
    "totalOtherIncomeExpensesNet": -25000000,
    "incomeBeforeTax": 2691700000,
    "incomeBeforeTaxRatio": 0.2277241963,
    "incomeTaxExpense": 128800000,
    "netIncome": 2581100000,
    "netIncomeRatio": 0.2183671743,
    "eps": 6.13,
    "epsdiluted": 6.12,
    "weightedAverageShsOut": 420800000,
    "weightedAverageShsOutDil": 421600000,
    "link": "",
    "finalLink": ""
  },
  {
    "date": "2018-12-31",
    "symbol": "ASML",
    "reportedCurrency": "EUR",
    "cik": "0000937966",
    "fillingDate": "2018-12-31",
    "acceptedDate": "2018-12-30 19:00:00",
    "calendarYear": "2018",
    "period": "FY",
    "revenue": 10944000000,
    "costOfRevenue": 6225700000,
    "grossProfit": 4718300000,
    "grossProfitRatio": 0.4311312135,
    "researchAndDevelopmentExpenses": 1347000000,
    "generalAndAdministrativeExpenses": 0,
    "sellingAndMarketingExpenses": 0,
    "sellingGeneralAndAdministrativeExpenses": 488000000,
    "otherExpenses": 0,
    "operatingExpenses": 1835000000,
    "costAndExpenses": 8060700000,
    "interestIncome": 13500000,
    "interestExpense": 41800000,
    "depreciationAndAmortization": 419100000,
    "ebitda": 3384400000,
    "ebitdaratio": 0.309247076,
    "operatingIncome": 2883300000,
    "operatingIncomeRatio": 0.2634594298,
    "totalOtherIncomeExpensesNet": -28300000,
    "incomeBeforeTax": 2855000000,
    "incomeBeforeTaxRatio": 0.260873538,
    "incomeTaxExpense": 335700000,
    "netIncome": 2519300000,
    "netIncomeRatio": 0.2301991959,
    "eps": 5.93,
    "epsdiluted": 5.91,
    "weightedAverageShsOut": 424900000,
    "weightedAverageShsOutDil": 426400000,
    "link": "",
    "finalLink": ""
  },
  {
    "date": "2017-12-31",
    "symbol": "ASML",
    "reportedCurrency": "EUR",
    "cik": "0000937966",
    "fillingDate": "2017-12-31",
    "acceptedDate": "2017-12-30 19:00:00",
    "calendarYear": "2017",
    "period": "FY",
    "revenue": 9052800000,
    "costOfRevenue": 4976100000,
    "grossProfit": 4076700000,
    "grossProfitRatio": 0.4503247614,
    "researchAndDevelopmentExpenses": 1259700000,
    "generalAndAdministrativeExpenses": 0,
    "sellingAndMarketingExpenses": 0,
    "sellingGeneralAndAdministrativeExpenses": 416600000,
    "otherExpenses": 95800000,
    "operatingExpenses": 1676300000,
    "costAndExpenses": 6652400000,
    "interestIncome": 7200000,
    "interestExpense": 57500000,
    "depreciationAndAmortization": 413700000,
    "ebitda": 2817900000,
    "ebitdaratio": 0.31127386,
    "operatingIncome": 2496200000,
    "operatingIncomeRatio": 0.2757378932,
    "totalOtherIncomeExpensesNet": 6200000,
    "incomeBeforeTax": 2445900000,
    "incomeBeforeTaxRatio": 0.2701816013,
    "incomeTaxExpense": 310700000,
    "netIncome": 2135200000,
    "netIncomeRatio": 0.2358607282,
    "eps": 4.81,
    "epsdiluted": 4.79,
    "weightedAverageShsOut": 429800000,
    "weightedAverageShsOutDil": 431600000,
    "link": "",
    "finalLink": ""
  },
  {
    "date": "2016-12-31",
    "symbol": "ASML",
    "reportedCurrency": "EUR",
    "cik": "0000937966",
    "fillingDate": "2016-12-31",
    "acceptedDate": "2016-12-30 19:00:00",
    "calendarYear": "2016",
    "period": "FY",
    "revenue": 6794800000,
    "costOfRevenue": 3750300000,
    "grossProfit": 3044500000,
    "grossProfitRatio": 0.4480632248,
    "researchAndDevelopmentExpenses": 1105800000,
    "generalAndAdministrativeExpenses": 0,
    "sellingAndMarketingExpenses": 0,
    "sellingGeneralAndAdministrativeExpenses": 374800000,
    "otherExpenses": 93800000,
    "operatingExpenses": 1480600000,
    "costAndExpenses": 5230900000,
    "interestIncome": 0,
    "interestExpense": 33644000,
    "depreciationAndAmortization": 354327000,
    "ebitda": 2083705000,
    "ebitdaratio": 0.3066617119,
    "operatingIncome": 1657700000,
    "operatingIncomeRatio": 0.243965974,
    "totalOtherIncomeExpensesNet": 33700000,
    "incomeBeforeTax": 1691400000,
    "incomeBeforeTaxRatio": 0.248925649,
    "incomeTaxExpense": 219500000,
    "netIncome": 1471900000,
    "netIncomeRatio": 0.2166215341,
    "eps": 3.66,
    "epsdiluted": 3.64,
    "weightedAverageShsOut": 425600000,
    "weightedAverageShsOutDil": 427700000,
    "link": "",
    "finalLink": ""
  },
  {
    "date": "2015-12-31",
    "symbol": "ASML",
    "reportedCurrency": "EUR",
    "cik": "0000937966",
    "fillingDate": "2015-12-31",
    "acceptedDate": "2015-12-30 19:00:00",
    "calendarYear": "2015",
    "period": "FY",
    "revenue": 6287400000,
    "costOfRevenue": 3391700000,
    "grossProfit": 2895700000,
    "grossProfitRatio": 0.4605560327,
    "researchAndDevelopmentExpenses": 1068100000,
    "generalAndAdministrativeExpenses": 0,
    "sellingAndMarketingExpenses": 0,
    "sellingGeneralAndAdministrativeExpenses": 345700000,
    "otherExpenses": 83200000,
    "operatingExpenses": 1413800000,
    "costAndExpenses": 4805500000,
    "interestIncome": 10915000,
    "interestExpense": 27415000,
    "depreciationAndAmortization": 296900000,
    "ebitda": 1778800000,
    "ebitdaratio": 0.2829150364,
    "operatingIncome": 1565100000,
    "operatingIncomeRatio": 0.2489264243,
    "totalOtherIncomeExpensesNet": -16500000,
    "incomeBeforeTax": 1548600000,
    "incomeBeforeTaxRatio": 0.2463021281,
    "incomeTaxExpense": 161400000,
    "netIncome": 1387200000,
    "netIncomeRatio": 0.2206317397,
    "eps": 3.22,
    "epsdiluted": 3.21,
    "weightedAverageShsOut": 430600000,
    "weightedAverageShsOutDil": 432600000,
    "link": "",
    "finalLink": ""
  }
]