[
  {
    "date": "2024-12-31",
    "symbol": "ASML",
    "reportedCurrency": "EUR",
    "cik": "0000937966",
    "fillingDate": "2025-03-05",
    "acceptedDate": "2025-03-05 06:21:06",
    "calendarYear": "2024",
    "period": "Q4",
    "revenue": 9262800000,
    "costOfRevenue": 4473000000,
    "grossProfit": 4789800000,
    "grossProfitRatio": 0.5171006607,
    "researchAndDevelopmentExpenses": 1116000000,
    "generalAndAdministrativeExpenses": 0,
    "sellingAndMarketingExpenses": 0,
    "sellingGeneralAndAdministrativeExpenses": 318400000,
    "otherExpenses": 0,
    "operatingExpenses": 1434400000,
    "costAndExpenses": 5907400000,
    "interestIncome": -16700000,
    "interestExpense": -12700000,
    "depreciationAndAmortization": 241000000,
    "ebitda": 3596400000,
    "ebitdaratio": 0.3882627283,
    "operatingIncome": 3355400000,
    "operatingIncomeRatio": 0.3622446776,
    "totalOtherIncomeExpensesNet": 6300000,
    "incomeBeforeTax": 3361700000,
    "incomeBeforeTaxRatio": 0.3629248175,
    "incomeTaxExpense": 479000000,
    "netIncome": 2693400000,
    "netIncomeRatio": 0.2907760073,
    "eps": 6.84,
    "epsdiluted": 6.84,
    "weightedAverageShsOut": 393534303,
    "weightedAverageShsOutDil": 393600000,
    "link": "https://www.sec.gov/Archives/edgar/data/937966/000093796625000009/0000937966-25-000009-index.htm",
    "finalLink": "https://www.sec.gov/Archives/edgar/data/937966/000093796625000009/asml-20241231.htm"
  },
  {
    "date": "2024-09-30",
    "symbol": "ASML",
    "reportedCurrency": "EUR",
    "cik": "0000937966",
    "fillingDate": "2024-09-30",
    "acceptedDate": "2024-09-28 20:00:00",
    "calendarYear": "2024",
    "period": "Q3",
    "revenue": 7467300000,
    "costOfRevenue": 3673900000,
    "grossProfit": 3793400000,
    "grossProfitRatio": 0.5080015534,
    "researchAndDevelopmentExpenses": 1055200000,
    "generalAndAdministrativeExpenses": 0,
    "sellingAndMarketingExpenses": 0,
    "sellingGeneralAndAdministrativeExpenses": 297000000,
    "otherExpenses": 0,
    "operatingExpenses": 1352200000,
    "costAndExpenses": 5026100000,
    "interestIncome": 0,
    "interestExpense": 800000,
    "depreciationAndAmortization": 235700000,
    "ebitda": 2676900000,
    "ebitdaratio": 0.3584829858,
    "operatingIncome": 2441200000,
    "operatingIncomeRatio": 0.3269186989,
    "totalOtherIncomeExpensesNet": -800000,
    "incomeBeforeTax": 2440400000,
    "incomeBeforeTaxRatio": 0.3268115651,
    "incomeTaxExpense": 441200000,
    "netIncome": 2076500000,
    "netIncomeRatio": 0.2780790915,
    "eps": 5.28,
    "epsdiluted": 5.28,
    "weightedAverageShsOut": 393200000,
    "weightedAverageShsOutDil": 393600000,
    "link": "",
    "finalLink": ""
  },
  {
    "date": "2024-06-30",
    "symbol": "ASML",
    "reportedCurrency": "EUR",
    "cik": "0000937966",
    "fillingDate": "2024-06-30",
    "acceptedDate": "2024-06-28 20:00:00",
    "calendarYear": "2024",
    "period": "Q2",
    "revenue": 6242800000,
    "costOfRevenue": 3030600000,
    "grossProfit": 3212200000,
    "grossProfitRatio": 0.5145447556,
    "researchAndDevelopmentExpenses": 1100600000,
    "generalAndAdministrativeExpenses": 0,
    "sellingAndMarketingExpenses": 0,
    "sellingGeneralAndAdministrativeExpenses": 277000000,
    "otherExpenses": 0,
    "operatingExpenses": 1377600000,
    "costAndExpenses": 4408200000,
    "interestIncome": 0,
    "interestExpense": 11900000,
    "depreciationAndAmortization": 227500000,
    "ebitda": 2062100000,
    "ebitdaratio": 0.3303165246,
    "operatingIncome": 1834600000,
    "operatingIncomeRatio": 0.2938745435,
    "totalOtherIncomeExpensesNet": -11900000,
    "incomeBeforeTax": 1822700000,
    "incomeBeforeTaxRatio": 0.2919683475,
    "incomeTaxExpense": 291600000,
    "netIncome": 1577900000,
    "netIncomeRatio": 0.252755174,
    "eps": 4.01,
    "epsdiluted": 4.01,
    "weightedAverageShsOut": 393200000,
    "weightedAverageShsOutDil": 393500000,
    "link": "",
    "finalLink": ""
  },
  {
    "date": "2024-03-31",
    "symbol": "ASML",
    "reportedCurrency": "EUR",
    "cik": "0000937966",
    "fillingDate": "2024-03-31",
    "acceptedDate": "2024-03-30 20:00:00",
    "calendarYear": "2024",
    "period": "Q1",
    "revenue": 5290000000,
    "costOfRevenue": 2593400000,
    "grossProfit": 2696600000,
    "grossProfitRatio": 0.5097542533,
    "researchAndDevelopmentExpenses": 1031900000,
    "generalAndAdministrativeExpenses": 0,
    "sellingAndMarketingExpenses": 0,
    "sellingGeneralAndAdministrativeExpenses": 273300000,
    "otherExpenses": 0,
    "operatingExpenses": 1305200000,
    "costAndExpenses": 3898600000,
    "interestIncome": 16700000,
    "interestExpense": 0,
    "depreciationAndAmortization": 214400000,
    "ebitda": 1605800000,
    "ebitdaratio": 0.3035538752,
    "operatingIncome": 1391400000,
    "operatingIncomeRatio": 0.2630245747,
    "totalOtherIncomeExpensesNet": 26200000,
    "incomeBeforeTax": 1417600000,
    "incomeBeforeTaxRatio": 0.2679773157,
    "incomeTaxExpense": 224000000,
    "netIncome": 1223800000,
    "netIncomeRatio": 0.231342155,
    "eps": 3.11,
    "epsdiluted": 3.11,
    "weightedAverageShsOut": 393400000,
    "weightedAverageShsOutDil": 393700000,
    "link": "",
    "finalLink": ""
  },
  {
    "date": "2023-12-31",
    "symbol": "ASML",
    "reportedCurrency": "EUR",
    "cik": "0000937966",
    "fillingDate": "2023-12-31",
    "acceptedDate": "2023-12-30 19:00:00",
    "calendarYear": "2023",
    "period": "Q4",
    "revenue": 7237000000,
    "costOfRevenue": 3519700000,
    "grossProfit": 3717300000,
    "grossProfitRatio": 0.5136520658,
    "researchAndDevelopmentExpenses": 1041300000,
    "generalAndAdministrativeExpenses": 0,
    "sellingAndMarketingExpenses": 0,
    "sellingGeneralAndAdministrativeExpenses": 284100000,
    "otherExpenses": 0,
    "operatingExpenses": 1325400000,
    "costAndExpenses": 4845100000,
    "interestIncome": 5200000,
    "interestExpense": 0,
    "depreciationAndAmortization": 212100000,
    "ebitda": 2604000000,
    "ebitdaratio": 0.359817604,
    "operatingIncome": 2391900000,
    "operatingIncomeRatio": 0.3305098798,
    "totalOtherIncomeExpensesNet": 5200000,
    "incomeBeforeTax": 2397100000,
    "incomeBeforeTaxRatio": 0.3312284096,
    "incomeTaxExpense": 385600000,
    "netIncome": 2048100000,
    "netIncomeRatio": 0.2830040072,
    "eps": 5.21,
    "epsdiluted": 5.2,
    "weightedAverageShsOut": 393400000,
    "weightedAverageShsOutDil": 393800000,
    "link": "",
    "finalLink": ""
  },
  {
    "date": "2023-09-30",
    "symbol": "ASML",
    "reportedCurrency": "EUR",
    "cik": "0000937966",
    "fillingDate": "2023-09-30",
    "acceptedDate": "2023-09-29 20:00:00",
    "calendarYear": "2023",
    "period": "Q3",
    "revenue": 6673000000,
    "costOfRevenue": 3211400000,
    "grossProfit": 3461600000,
    "grossProfitRatio": 0.5187471902,
    "researchAndDevelopmentExpenses": 991400000,
    "generalAndAdministrativeExpenses": 0,
    "sellingAndMarketingExpenses": 0,
    "sellingGeneralAndAdministrativeExpenses": 287800000,
    "otherExpenses": 0,
    "operatingExpenses": 1279200000,
    "costAndExpenses": 4490600000,
    "interestIncome": 7100000,
    "interestExpense": 0,
    "depreciationAndAmortization": 176200000,
    "ebitda": 2358600000,
    "ebitdaratio": 0.3534542185,
    "operatingIncome": 2182400000,
    "operatingIncomeRatio": 0.3270493032,
    "totalOtherIncomeExpensesNet": 7100000,
    "incomeBeforeTax": 2189500000,
    "incomeBeforeTaxRatio": 0.3281132924,
    "incomeTaxExpense": 343700000,
    "netIncome": 1893400000,
    "netIncomeRatio": 0.2837404466,
    "eps": 4.81,
    "epsdiluted": 4.81,
    "weightedAverageShsOut": 393400000,
    "weightedAverageShsOutDil": 393700000,
    "link": "",
    "finalLink": ""
  },
  {
    "date": "2023-06-30",
    "symbol": "ASML",
    "reportedCurrency": "EUR",
    "cik": "0000937966",
    "fillingDate": "2023-06-30",
    "acceptedDate": "2023-06-29 20:00:00",
    "calendarYear": "2023",
    "period": "Q2",
    "revenue": 6902300000,
    "costOfRevenue": 3358300000,
    "grossProfit": 3544000000,
    "grossProfitRatio": 0.5134520377,
    "researchAndDevelopmentExpenses": 999900000,
    "generalAndAdministrativeExpenses": 0,
    "sellingAndMarketingExpenses": 0,
    "sellingGeneralAndAdministrativeExpenses": 281100000,
    "otherExpenses": 0,
    "operatingExpenses": 1281000000,
    "costAndExpenses": 4639300000,
    "interestIncome": 16700000,
    "interestExpense": 0,
    "depreciationAndAmortization": 181200000,
    "ebitda": 2444200000,
    "ebitdaratio": 0.3541138461,
    "operatingIncome": 2263000000,
    "operatingIncomeRatio": 0.3278617273,
    "totalOtherIncomeExpensesNet": 16700000,
    "incomeBeforeTax": 2279700000,
    "incomeBeforeTaxRatio": 0.3302812106,
    "incomeTaxExpense": 403900000,
    "netIncome": 1941700000,
    "netIncomeRatio": 0.2813120264,
    "eps": 4.93,
    "epsdiluted": 4.93,
    "weightedAverageShsOut": 393800000,
    "weightedAverageShsOutDil": 394000000,
    "link": "",
    "finalLink": ""
  },
  {
    "date": "2023-04-02",
    "symbol": "ASML",
    "reportedCurrency": "EUR",
    "cik": "0000937966",
    "fillingDate": "2023-04-02",
    "acceptedDate": "2023-04-02 00:00:00",
    "calendarYear": "2023",
    "period": "Q1",
    "revenue": 6746200000,
    "costOfRevenue": 3333000000,
    "grossProfit": 3413200000,
    "grossProfitRatio": 0.505944087,
    "researchAndDevelopmentExpenses": 947900000,
    "generalAndAdministrativeExpenses": 0,
    "sellingAndMarketingExpenses": 0,
    "sellingGeneralAndAdministrativeExpenses": 260300000,
    "otherExpenses": 0,
    "operatingExpenses": 1208200000,
    "costAndExpenses": 4541200000,
    "interestIncome": 0,
    "interestExpense": 0,
    "depreciationAndAmortization": 170300000,
    "ebitda": 2375300000,
    "ebitdaratio": 0.3520945125,
    "operatingIncome": 2205000000,
    "operatingIncomeRatio": 0.3268506715,
    "totalOtherIncomeExpensesNet": 53400000,
    "incomeBeforeTax": 2258400000,
    "incomeBeforeTaxRatio": 0.3347662388,
    "incomeTaxExpense": 302600000,
    "netIncome": 1955800000,
    "netIncomeRatio": 0.2899113575,
    "eps": 4.95,
    "epsdiluted": 4.95,
    "weightedAverageShsOut": 395111111,
    "weightedAverageShsOutDil": 394800000,
    "link": null,
    "finalLink": null
  },
  {
    "date": "2022-12-31",
    "symbol": "ASML",
    "reportedCurrency": "EUR",
    "cik": "0000937966",
    "fillingDate": "2022-12-31",
    "acceptedDate": "2022-12-30 19:00:00",
    "calendarYear": "2022",
    "period": "Q4",
    "revenue": 6430200000,
    "costOfRevenue": 3119300000,
    "grossProfit": 3310900000,
    "grossProfitRatio": 0.5148984479,
    "researchAndDevelopmentExpenses": 906300000,
    "generalAndAdministrativeExpenses": 0,
    "sellingAndMarketingExpenses": 0,
    "sellingGeneralAndAdministrativeExpenses": 280400000,
    "otherExpenses": 0,
    "operatingExpenses": 1186700000,
    "costAndExpenses": 4306000000,
    "interestIncome": 3100000,
    "interestExpense": 19300000,
    "depreciationAndAmortization": 183200000,
    "ebitda": 2307400000,
    "ebitdaratio": 0.3588379833,
    "operatingIncome": 2124200000,
    "operatingIncomeRatio": 0.3303474231,
    "totalOtherIncomeExpensesNet": -3100000,
    "incomeBeforeTax": 2121100000,
    "incomeBeforeTaxRatio": 0.329865323,
    "incomeTaxExpense": 357300000,
    "netIncome": 1816500000,
    "netIncomeRatio": 0.2824951012,
    "eps": 4.6,
    "epsdiluted": 4.6,
    "weightedAverageShsOut": 394900000,
    "weightedAverageShsOutDil": 395200000,
    "link": "",
    "finalLink": ""
  },
  {
    "date": "2022-10-02",
    "symbol": "ASML",
    "reportedCurrency": "EUR",
    "cik": "0000937966",
    "fillingDate": "2022-10-02",
    "acceptedDate": "2022-10-01 20:00:00",
    "calendarYear": "2022",
    "period": "Q3",
    "revenue": 5778300000,
    "costOfRevenue": 2784600000,
    "grossProfit": 2993700000,
    "grossProfitRatio": 0.5180935569,
    "researchAndDevelopmentExpenses": 819400000,
    "generalAndAdministrativeExpenses": 0,
    "sellingAndMarketingExpenses": 0,
    "sellingGeneralAndAdministrativeExpenses": 235800000,
    "otherExpenses": 0,
    "operatingExpenses": 1025099999,
    "costAndExpenses": 3809699999,
    "interestIncome": 15100000,
    "interestExpense": 15100000,
    "depreciationAndAmortization": 137900000,
    "ebitda": 2076400000,
    "ebitdaratio": 0.3593444439,
    "operatingIncome": 1938500000,
    "operatingIncomeRatio": 0.3354792932,
    "totalOtherIncomeExpensesNet": 15000000,
    "incomeBeforeTax": 1953500000,
    "incomeBeforeTaxRatio": 0.3380752124,
    "incomeTaxExpense": 252000000,
    "netIncome": 1701500000,
    "netIncomeRatio": 0.2944637696,
    "eps": 4.29,
    "epsdiluted": 4.29,
    "weightedAverageShsOut": 396620046,
    "weightedAverageShsOutDil": 396600000,
    "link": "",
    "finalLink": ""
  },
  {
    "date": "2022-06-30",
    "symbol": "ASML",
    "reportedCurrency": "EUR",
    "cik": "0000937966",
    "fillingDate": "2022-06-30",
    "acceptedDate": "2022-07-02 20:00:00",
    "calendarYear": "2022",
    "period": "Q2",
    "revenue": 5430500000,
    "costOfRevenue": 2766000000,
    "grossProfit": 2664500000,
    "grossProfitRatio": 0.4906546359,
    "researchAndDevelopmentExpenses": 789100000,
    "generalAndAdministrativeExpenses": 0,
    "sellingAndMarketingExpenses": 0,
    "sellingGeneralAndAdministrativeExpenses": 222000000,
    "otherExpenses": 0,
    "operatingExpenses": 996600000,
    "costAndExpenses": 3762600000,
    "interestIncome": 10800000,
    "interestExpense": 10800000,
    "depreciationAndAmortization": 131500000,
    "ebitda": 1784900000,
    "ebitdaratio": 0.3286806003,
    "operatingIncome": 1653400000,
    "operatingIncomeRatio": 0.3044655188,
    "totalOtherIncomeExpensesNet": 3700000,
    "incomeBeforeTax": 1657100000,
    "incomeBeforeTaxRatio": 0.3051468557,
    "incomeTaxExpense": 246200000,
    "netIncome": 1425400000,
    "netIncomeRatio": 0.2624804346,
    "eps": 3.51,
    "epsdiluted": 3.51,
    "weightedAverageShsOut": 401560476,
    "weightedAverageShsOutDil": 401600000,
    "link": "",
    "finalLink": ""
  },
  {
    "date": "2022-03-31",
    "symbol": "ASML",
    "reportedCurrency": "EUR",
    "cik": "0000937966",
    "fillingDate": "2022-03-31",
    "acceptedDate": "2022-03-30 20:00:00",
    "calendarYear": "2022",
    "period": "Q1",
    "revenue": 3534400000,
    "costOfRevenue": 1803400000,
    "grossProfit": 1731000000,
    "grossProfitRatio": 0.489757809,
    "researchAndDevelopmentExpenses": 738700000,
    "generalAndAdministrativeExpenses": 0,
    "sellingAndMarketingExpenses": 0,
    "sellingGeneralAndAdministrativeExpenses": 207700000,
    "otherExpenses": 0,
    "operatingExpenses": 946400000,
    "costAndExpenses": 2749800000,
    "interestIncome": 0,
    "interestExpense": 15600000,
    "depreciationAndAmortization": 131000000,
    "ebitda": 915600000,
    "ebitdaratio": 0.2590538705,
    "operatingIncome": 784600000,
    "operatingIncomeRatio": 0.221989588,
    "totalOtherIncomeExpensesNet": -15600000,
    "incomeBeforeTax": 769000000,
    "incomeBeforeTaxRatio": 0.2175758262,
    "incomeTaxExpense": 114400000,
    "netIncome": 736000000,
    "netIncomeRatio": 0.2082390222,
    "eps": 1.63,
    "epsdiluted": 1.63,
    "weightedAverageShsOut": 401100000,
    "weightedAverageShsOutDil": 401500000,
    "link": "",
    "finalLink": ""
  },
  {
    "date": "2021-12-31",
    "symbol": "ASML",
    "reportedCurrency": "EUR",
    "cik": "0000937966",
    "fillingDate": "2021-12-31",
    "acceptedDate": "2021-12-30 19:00:00",
    "calendarYear": "2021",
    "period": "Q4",
    "revenue": 4985600000,
    "costOfRevenue": 2285000000,
    "grossProfit": 2700600000,
    "grossProfitRatio": 0.5416800385,
    "researchAndDevelopmentExpenses": 680600000,
    "generalAndAdministrativeExpenses": 0,
    "sellingAndMarketingExpenses": 0,
    "sellingGeneralAndAdministrativeExpenses": 202500000,
    "otherExpenses": 213700000,
    "operatingExpenses": 883100000,
    "costAndExpenses": 3168100000,
    "interestIncome": 0,
    "interestExpense": 12200000,
    "depreciationAndAmortization": 124200000,
    "ebitda": 1941700000,
    "ebitdaratio": 0.3894616496,
    "operatingIncome": 2031200000,
    "operatingIncomeRatio": 0.4074133504,
    "totalOtherIncomeExpensesNet": -12200000,
    "incomeBeforeTax": 2019000000,
    "incomeBeforeTaxRatio": 0.404966303,
    "incomeTaxExpense": 316000000,
    "netIncome": 1843800000,
    "netIncomeRatio": 0.3698250963,
    "eps": 4.39,
    "epsdiluted": 4.38,
    "weightedAverageShsOut": 404300000,
    "weightedAverageShsOutDil": 405000000,
    "link": "",
    "finalLink": ""
  },
  {
    "date": "2021-09-30",
    "symbol": "ASML",
    "reportedCurrency": "EUR",
    "cik": "0000937966",
    "fillingDate": "2021-09-30",
    "acceptedDate": "2021-09-29 20:00:00",
    "calendarYear": "2021",
    "period": "Q3",
    "revenue": 5241300000,
    "costOfRevenue": 2529900000,
    "grossProfit": 2711400000,
    "grossProfitRatio": 0.5173144067,
    "researchAndDevelopmentExpenses": 609200000,
    "generalAndAdministrativeExpenses": 0,
    "sellingAndMarketingExpenses": 0,
    "sellingGeneralAndAdministrativeExpenses": 182900000,
    "otherExpenses": 213700000,
    "operatingExpenses": 792100000,
    "costAndExpenses": 3322000000,
    "interestIncome": 0,
    "interestExpense": 10500000,
    "depreciationAndAmortization": 116200000,
    "ebitda": 2035500000,
    "ebitdaratio": 0.3883578502,
    "operatingIncome": 1919300000,
    "operatingIncomeRatio": 0.3661877778,
    "totalOtherIncomeExpensesNet": -10500000,
    "incomeBeforeTax": 1908800000,
    "incomeBeforeTaxRatio": 0.3641844581,
    "incomeTaxExpense": 270900000,
    "netIncome": 1842500000,
    "netIncomeRatio": 0.3515349245,
    "eps": 4.27,
    "epsdiluted": 4.26,
    "weightedAverageShsOut": 407900000,
    "weightedAverageShsOutDil": 408600000,
    "link": "",
    "finalLink": ""
  },
  {
    "date": "2021-06-30",
    "symbol": "ASML",
    "reportedCurrency": "EUR",
    "cik": "0000937966",
    "fillingDate": "2021-06-30",
    "acceptedDate": "2021-06-29 20:00:00",
    "calendarYear": "2021",
    "period": "Q2",
    "revenue": 4020200000,
    "costOfRevenue": 1975600000,
    "grossProfit": 2044600000,
    "grossProfitRatio": 0.5085816626,
    "researchAndDevelopmentExpenses": 633800000,
    "generalAndAdministrativeExpenses": 0,
    "sellingAndMarketingExpenses": 0,
    "sellingGeneralAndAdministrativeExpenses": 171800000,
    "otherExpenses": 0,
    "operatingExpenses": 805600000,
    "costAndExpenses": 2781200000,
    "interestIncome": 0,
    "interestExpense": 9800000,
    "depreciationAndAmortization": 112700000,
    "ebitda": 1351700000,
    "ebitdaratio": 0.3362270534,
    "operatingIncome": 1239000000,
    "operatingIncomeRatio": 0.3081936222,
    "totalOtherIncomeExpensesNet": -9800000,
    "incomeBeforeTax": 1229200000,
    "incomeBeforeTaxRatio": 0.3057559325,
    "incomeTaxExpense": 204200000,
    "netIncome": 1051400000,
    "netIncomeRatio": 0.2615292772,
    "eps": 2.52,
    "epsdiluted": 2.52,
    "weightedAverageShsOut": 411500000,
    "weightedAverageShsOutDil": 412000000,
    "link": "",
    "finalLink": ""
  },
  {
    "date": "2021-03-31",
    "symbol": "ASML",
    "reportedCurrency": "EUR",
    "cik": "0000937966",
    "fillingDate": "2021-03-31",
    "acceptedDate": "2021-03-30 20:00:00",
    "calendarYear": "2021",
    "period": "Q1",
    "revenue": 4363900000,
    "costOfRevenue": 2011500000,
    "grossProfit": 2352400000,
    "grossProfitRatio": 0.5390590985,
    "researchAndDevelopmentExpenses": 623400000,
    "generalAndAdministrativeExpenses": 0,
    "sellingAndMarketingExpenses": 0,
    "sellingGeneralAndAdministrativeExpenses": 168400000,
    "otherExpenses": 0,
    "operatingExpenses": 791800000,
    "costAndExpenses": 2803300000,
    "interestIncome": 0,
    "interestExpense": 12100000,
    "depreciationAndAmortization": 117900000,
    "ebitda": 1678500000,
    "ebitdaratio": 0.3846330118,
    "operatingIncome": 1560600000,
    "operatingIncomeRatio": 0.357615894,
    "totalOtherIncomeExpensesNet": -12100000,
    "incomeBeforeTax": 1548500000,
    "incomeBeforeTaxRatio": 0.3548431449,
    "incomeTaxExpense": 230300000,
    "netIncome": 1344600000,
    "netIncomeRatio": 0.3081188845,
    "eps": 3.21,
    "epsdiluted": 3.2,
    "weightedAverageShsOut": 415300000,
    "weightedAverageShsOutDil": 415800000,
    "link": "",
    "finalLink": ""
  },
  {
    "date": "2020-12-31",
    "symbol": "ASML",
    "reportedCurrency": "EUR",
    "cik": "0000937966",
    "fillingDate": "2020-12-31",
    "acceptedDate": "2020-12-30 19:00:00",
    "calendarYear": "2020",
    "period": "Q4",
    "revenue": 4254100000,
    "costOfRevenue": 2043000000,
    "grossProfit": 2211100000,
    "grossProfitRatio": 0.5197574105,
    "researchAndDevelopmentExpenses": 555900000,
    "generalAndAdministrativeExpenses": 0,
    "sellingAndMarketingExpenses": 0,
    "sellingGeneralAndAdministrativeExpenses": 151500000,
    "otherExpenses": 0,
    "operatingExpenses": 707400000,
    "costAndExpenses": 2750400000,
    "interestIncome": 0,
    "interestExpense": 8000000,
    "depreciationAndAmortization": 125400000,
    "ebitda": 1629100000,
    "ebitdaratio": 0.3829482147,
    "operatingIncome": 1503700000,
    "operatingIncomeRatio": 0.3534707694,
    "totalOtherIncomeExpensesNet": -8000000,
    "incomeBeforeTax": 1495700000,
    "incomeBeforeTaxRatio": 0.3515902306,
    "incomeTaxExpense": 170200000,
    "netIncome": 1375500000,
    "netIncomeRatio": 0.3233351355,
    "eps": 3.23,
    "epsdiluted": 3.23,
    "weightedAverageShsOut": 417500000,
    "weightedAverageShsOutDil": 418400000,
    "link": "",
    "finalLink": ""
  },
  {
    "date": "2020-09-30",
    "symbol": "ASML",
    "reportedCurrency": "EUR",
    "cik": "0000937966",
    "fillingDate": "2020-09-30",
    "acceptedDate": "2020-09-29 20:00:00",
    "calendarYear": "2020",
    "period": "Q3",
    "revenue": 3958000000,
    "costOfRevenue": 2076600000,
    "grossProfit": 1881400000,
    "grossProfitRatio": 0.4753410814,
    "researchAndDevelopmentExpenses": 534000000,
    "generalAndAdministrativeExpenses": 0,
    "sellingAndMarketingExpenses": 0,
    "sellingGeneralAndAdministrativeExpenses": 131500000,
    "otherExpenses": 0,
    "operatingExpenses": 665500000,
    "costAndExpenses": 2742100000,
    "interestIncome": 0,
    "interestExpense": 8400000,
    "depreciationAndAmortization": 122000000,
    "ebitda": 1337900000,
    "ebitdaratio": 0.3380242547,
    "operatingIncome": 1215900000,
    "operatingIncomeRatio": 0.3072006064,
    "totalOtherIncomeExpensesNet": -8400000,
    "incomeBeforeTax": 1207500000,
    "incomeBeforeTaxRatio": 0.3050783224,
    "incomeTaxExpense": 166500000,
    "netIncome": 1082000000,
    "netIncomeRatio": 0.2733703891,
    "eps": 2.54,
    "epsdiluted": 2.53,
    "weightedAverageShsOut": 418400000,
    "weightedAverageShsOutDil": 419200000,
    "link": "",
    "finalLink": ""
  },
  {
    "date": "2020-06-30",
    "symbol": "ASML",
    "reportedCurrency": "EUR",
    "cik": "0000937966",
    "fillingDate": "2020-06-30",
    "acceptedDate": "2020-06-29 20:00:00",
    "calendarYear": "2020",
    "period": "Q2",
    "revenue": 3325700000,
    "costOfRevenue": 1722500000,
    "grossProfit": 1603200000,
    "grossProfitRatio": 0.4820639264,
    "researchAndDevelopmentExpenses": 566900000,
    "generalAndAdministrativeExpenses": 0,
    "sellingAndMarketingExpenses": 0,
    "sellingGeneralAndAdministrativeExpenses": 131200000,
    "otherExpenses": 0,
    "operatingExpenses": 698100000,
    "costAndExpenses": 2420600000,
    "interestIncome": 0,
    "interestExpense": 7100000,
    "depreciationAndAmortization": 125100000,
    "ebitda": 1030200000,
    "ebitdaratio": 0.3097693719,
    "operatingIncome": 905100000,
    "operatingIncomeRatio": 0.2721532309,
    "totalOtherIncomeExpensesNet": -7100000,
    "incomeBeforeTax": 898000000,
    "incomeBeforeTaxRatio": 0.270018342,
    "incomeTaxExpense": 166400000,
    "netIncome": 770400000,
    "netIncomeRatio": 0.2316504796,
    "eps": 1.79,
    "epsdiluted": 1.79,
    "weightedAverageShsOut": 418400000,
    "weightedAverageShsOutDil": 419000000,
    "link": "",
    "finalLink": ""
  },
  {
    "date": "2020-03-31",
    "symbol": "ASML",
    "reportedCurrency": "EUR",
    "cik": "0000937966",
    "fillingDate": "2020-03-31",
    "acceptedDate": "2020-03-30 20:00:00",
    "calendarYear": "2020",
    "period": "Q1",
    "revenue": 2440600000,
    "costOfRevenue": 1339200000,
    "grossProfit": 1101400000,
    "grossProfitRatio": 0.4512824715,
    "researchAndDevelopmentExpenses": 544000000,
    "generalAndAdministrativeExpenses": 0,
    "sellingAndMarketingExpenses": 0,
    "sellingGeneralAndAdministrativeExpenses": 130700000,
    "otherExpenses": 0,
    "operatingExpenses": 674700000,
    "costAndExpenses": 2013900000,
    "interestIncome": 0,
    "interestExpense": 11400000,
    "depreciationAndAmortization": 117900000,
    "ebitda": 545000000,
    "ebitdaratio": 0.2233057445,
    "operatingIncome": 426700000,
    "operatingIncomeRatio": 0.1748340572,
    "totalOtherIncomeExpensesNet": -11400000,
    "incomeBeforeTax": 415300000,
    "incomeBeforeTaxRatio": 0.1701630747,
    "incomeTaxExpense": 48500000,
    "netIncome": 414400000,
    "netIncomeRatio": 0.1697943129,
    "eps": 0.93,
    "epsdiluted": 0.93,
    "weightedAverageShsOut": 419000000,
    "weightedAverageShsOutDil": 419700000,
    "link": "",
    "finalLink": ""
  }
]