[
  {
    "date": "2024-12-31",
    "symbol": "ABBV",
    "reportedCurrency": "USD",
    "cik": "0001551152",
    "fillingDate": "2025-02-14",
    "acceptedDate": "2025-02-14 13:17:23",
    "calendarYear": "2024",
    "period": "FY",
    "revenue": 56334000000,
    "costOfRevenue": 16904000000,
    "grossProfit": 39430000000,
    "grossProfitRatio": 0.6999325452,
    "researchAndDevelopmentExpenses": 12791000000,
    "generalAndAdministrativeExpenses": 0,
    "sellingAndMarketingExpenses": 0,
    "sellingGeneralAndAdministrativeExpenses": 14752000000,
    "otherExpenses": 2750000000,
    "operatingExpenses": 30293000000,
    "costAndExpenses": 47197000000,
    "interestIncome": 648000000,
    "interestExpense": 2808000000,
    "depreciationAndAmortization": 8386000000,
    "ebitda": 14910000000,
    "ebitdaratio": 0.264671424,
    "operatingIncome": 9137000000,
    "operatingIncomeRatio": 0.1621933468,
    "totalOtherIncomeExpensesNet": -5421000000,
    "incomeBeforeTax": 3716000000,
    "incomeBeforeTaxRatio": 0.0659637164,
    "incomeTaxExpense": -570000000,
    "netIncome": 4278000000,
    "netIncomeRatio": 0.0759399297,
    "eps": 2.42,
    "epsdiluted": 2.39,
    "weightedAverageShsOut": 1765256986,
    "weightedAverageShsOutDil": 1773000000,
    "link": "https://www.sec.gov/Archives/edgar/data/1551152/000155115225000020/0001551152-25-000020-index.htm",
    "finalLink": "https://www.sec.gov/Archives/edgar/data/1551152/000155115225000020/abbv-20241231.htm"
  },
  {
    "date": "2023-12-31",
    "symbol": "ABBV",
    "reportedCurrency": "USD",
    "cik": "0001551152",
    "fillingDate": "2024-02-20",
    "acceptedDate": "2024-02-20 12:45:17",
    "calendarYear": "2023",
    "period": "FY",
    "revenue": 54318000000,
    "costOfRevenue": 20415000000,
    "grossProfit": 33903000000,
    "grossProfitRatio": 0.6241577378,
    "researchAndDevelopmentExpenses": 8453000000,
    "generalAndAdministrativeExpenses": 10704000000,
    "sellingAndMarketingExpenses": 2200000000,
    "sellingGeneralAndAdministrativeExpenses": 12872000000,
    "otherExpenses": 0,
    "operatingExpenses": 21146000000,
    "costAndExpenses": 41561000000,
    "interestIncome": 540000000,
    "interestExpense": 2224000000,
    "depreciationAndAmortization": 8698000000,
    "ebitda": 17308000000,
    "ebitdaratio": 0.3186420708,
    "operatingIncome": 12757000000,
    "operatingIncomeRatio": 0.2348576899,
    "totalOtherIncomeExpensesNet": -6507000000,
    "incomeBeforeTax": 6250000000,
    "incomeBeforeTaxRatio": 0.1150631467,
    "incomeTaxExpense": 1377000000,
    "netIncome": 4863000000,
    "netIncomeRatio": 0.0895283331,
    "eps": 2.73,
    "epsdiluted": 2.72,
    "weightedAverageShsOut": 1768000000,
    "weightedAverageShsOutDil": 1773000000,
    "link": "https://www.sec.gov/Archives/edgar/data/1551152/000155115224000011/0001551152-24-000011-index.htm",
    "finalLink": "https://www.sec.gov/Archives/edgar/data/1551152/000155115224000011/abbv-20231231.htm"
  },
  {
    "date": "2022-12-31",
    "symbol": "ABBV",
    "reportedCurrency": "USD",
    "cik": "0001551152",
    "fillingDate": "2023-02-17",
    "acceptedDate": "2023-02-17 12:54:29",
    "calendarYear": "2022",
    "period": "FY",
    "revenue": 58054000000,
    "costOfRevenue": 17414000000,
    "grossProfit": 40640000000,
    "grossProfitRatio": 0.7000378958,
    "researchAndDevelopmentExpenses": 6510000000,
    "generalAndAdministrativeExpenses": 13260000000,
    "sellingAndMarketingExpenses": 2000000000,
    "sellingGeneralAndAdministrativeExpenses": 15260000000,
    "otherExpenses": 56000000,
    "operatingExpenses": 21826000000,
    "costAndExpenses": 39937000000,
    "interestIncome": 186000000,
    "interestExpense": 2230000000,
    "depreciationAndAmortization": 8467000000,
    "ebitda": 31424000000,
    "ebitdaratio": 0.5412891446,
    "operatingIncome": 18117000000,
    "operatingIncomeRatio": 0.3120715196,
    "totalOtherIncomeExpensesNet": -4640000000,
    "incomeBeforeTax": 13477000000,
    "incomeBeforeTaxRatio": 0.2321459331,
    "incomeTaxExpense": 1632000000,
    "netIncome": 11836000000,
    "netIncomeRatio": 0.203879147,
    "eps": 6.65,
    "epsdiluted": 6.63,
    "weightedAverageShsOut": 1771000000,
    "weightedAverageShsOutDil": 1778000000,
    "link": "https://www.sec.gov/Archives/edgar/data/1551152/000155115223000011/0001551152-23-000011-index.htm",
    "finalLink": "https://www.sec.gov/Archives/edgar/data/1551152/000155115223000011/abbv-20221231.htm"
  },
  {
    "date": "2021-12-31",
    "symbol": "ABBV",
    "reportedCurrency": "USD",
    "cik": "0001551152",
    "fillingDate": "2022-02-18",
    "acceptedDate": "2022-02-18 12:41:31",
    "calendarYear": "2021",
    "period": "FY",
    "revenue": 56197000000,
    "costOfRevenue": 17446000000,
    "grossProfit": 38751000000,
    "grossProfitRatio": 0.689556382,
    "researchAndDevelopmentExpenses": 7084000000,
    "generalAndAdministrativeExpenses": 10249000000,
    "sellingAndMarketingExpenses": 2100000000,
    "sellingGeneralAndAdministrativeExpenses": 12349000000,
    "otherExpenses": 432000000,
    "operatingExpenses": 19865000000,
    "costAndExpenses": 38273000000,
    "interestIncome": 39000000,
    "interestExpense": 2423000000,
    "depreciationAndAmortization": 8521000000,
    "ebitda": 28280000000,
    "ebitdaratio": 0.5032297098,
    "operatingIncome": 17924000000,
    "operatingIncomeRatio": 0.3189494101,
    "totalOtherIncomeExpensesNet": -4935000000,
    "incomeBeforeTax": 12989000000,
    "incomeBeforeTaxRatio": 0.2311333345,
    "incomeTaxExpense": 1440000000,
    "netIncome": 11542000000,
    "netIncomeRatio": 0.2053846291,
    "eps": 6.48,
    "epsdiluted": 6.45,
    "weightedAverageShsOut": 1770000000,
    "weightedAverageShsOutDil": 1777000000,
    "link": "https://www.sec.gov/Archives/edgar/data/1551152/000155115222000007/0001551152-22-000007-index.htm",
    "finalLink": "https://www.sec.gov/Archives/edgar/data/1551152/000155115222000007/abbv-20211231.htm"
  },
  {
    "date": "2020-12-31",
    "symbol": "ABBV",
    "reportedCurrency": "USD",
    "cik": "0001551152",
    "fillingDate": "2021-02-19",
    "acceptedDate": "2021-02-19 14:05:43",
    "calendarYear": "2020",
    "period": "FY",
    "revenue": 45804000000,
    "costOfRevenue": 15387000000,
    "grossProfit": 30417000000,
    "grossProfitRatio": 0.6640686403,
    "researchAndDevelopmentExpenses": 6557000000,
    "generalAndAdministrativeExpenses": 9499000000,
    "sellingAndMarketingExpenses": 1800000000,
    "sellingGeneralAndAdministrativeExpenses": 11299000000,
    "otherExpenses": -5614000000,
    "operatingExpenses": 17856000000,
    "costAndExpenses": 34441000000,
    "interestIncome": 174000000,
    "interestExpense": 2454000000,
    "depreciationAndAmortization": 6471000000,
    "ebitda": 21148000000,
    "ebitdaratio": 0.4617064012,
    "operatingIncome": 11363000000,
    "operatingIncomeRatio": 0.2480787704,
    "totalOtherIncomeExpensesNet": -7965000000,
    "incomeBeforeTax": 3398000000,
    "incomeBeforeTaxRatio": 0.0741856606,
    "incomeTaxExpense": 1224000000,
    "netIncome": 4616000000,
    "netIncomeRatio": 0.1007772247,
    "eps": 2.73,
    "epsdiluted": 2.72,
    "weightedAverageShsOut": 1667000000,
    "weightedAverageShsOutDil": 1673000000,
    "link": "https://www.sec.gov/Archives/edgar/data/1551152/000155115221000008/0001551152-21-000008-index.htm",
    "finalLink": "https://www.sec.gov/Archives/edgar/data/1551152/000155115221000008/abbv-20201231.htm"
  },
  {
    "date": "2019-12-31",
    "symbol": "ABBV",
    "reportedCurrency": "USD",
    "cik": "0001551152",
    "fillingDate": "2020-02-21",
    "acceptedDate": "2020-02-21 10:51:26",
    "calendarYear": "2019",
    "period": "FY",
    "revenue": 33266000000,
    "costOfRevenue": 7439000000,
    "grossProfit": 25827000000,
    "grossProfitRatio": 0.7763782841,
    "researchAndDevelopmentExpenses": 6407000000,
    "generalAndAdministrativeExpenses": 5842000000,
    "sellingAndMarketingExpenses": 1100000000,
    "sellingGeneralAndAdministrativeExpenses": 6942000000,
    "otherExpenses": -890000000,
    "operatingExpenses": 12459000000,
    "costAndExpenses": 20283000000,
    "interestIncome": 275000000,
    "interestExpense": 1784000000,
    "depreciationAndAmortization": 2017000000,
    "ebitda": 16264000000,
    "ebitdaratio": 0.4889075933,
    "operatingIncome": 12983000000,
    "operatingIncomeRatio": 0.3902783623,
    "totalOtherIncomeExpensesNet": -4557000000,
    "incomeBeforeTax": 8426000000,
    "incomeBeforeTaxRatio": 0.2532916491,
    "incomeTaxExpense": 544000000,
    "netIncome": 7882000000,
    "netIncomeRatio": 0.236938616,
    "eps": 5.3,
    "epsdiluted": 5.28,
    "weightedAverageShsOut": 1481000000,
    "weightedAverageShsOutDil": 1484000000,
    "link": "https://www.sec.gov/Archives/edgar/data/1551152/000155115220000007/0001551152-20-000007-index.htm",
    "finalLink": "https://www.sec.gov/Archives/edgar/data/1551152/000155115220000007/abbv-20191231x10k.htm"
  },
  {
    "date": "2018-12-31",
    "symbol": "ABBV",
    "reportedCurrency": "USD",
    "cik": "0001551152",
    "fillingDate": "2019-02-27",
    "acceptedDate": "2019-02-27 16:45:37",
    "calendarYear": "2018",
    "period": "FY",
    "revenue": 32753000000,
    "costOfRevenue": 7718000000,
    "grossProfit": 25035000000,
    "grossProfitRatio": 0.7643574634,
    "researchAndDevelopmentExpenses": 10329000000,
    "generalAndAdministrativeExpenses": 7399000000,
    "sellingAndMarketingExpenses": 1100000000,
    "sellingGeneralAndAdministrativeExpenses": 7399000000,
    "otherExpenses": -18000000,
    "operatingExpenses": 18228000000,
    "costAndExpenses": 26370000000,
    "interestIncome": 204000000,
    "interestExpense": 1348000000,
    "depreciationAndAmortization": 1765000000,
    "ebitda": 13688000000,
    "ebitdaratio": 0.4179159161,
    "operatingIncome": 6383000000,
    "operatingIncomeRatio": 0.1948829115,
    "totalOtherIncomeExpensesNet": -1186000000,
    "incomeBeforeTax": 5197000000,
    "incomeBeforeTaxRatio": 0.158672488,
    "incomeTaxExpense": 490000000,
    "netIncome": 5687000000,
    "netIncomeRatio": 0.1736329497,
    "eps": 3.69,
    "epsdiluted": 3.68,
    "weightedAverageShsOut": 1541000000,
    "weightedAverageShsOutDil": 1546000000,
    "link": "https://www.sec.gov/Archives/edgar/data/1551152/000155115219000008/0001551152-19-000008-index.htm",
    "finalLink": "https://www.sec.gov/Archives/edgar/data/1551152/000155115219000008/abbv-20181231x10k.htm"
  },
  {
    "date": "2017-12-31",
    "symbol": "ABBV",
    "reportedCurrency": "USD",
    "cik": "0001551152",
    "fillingDate": "2018-02-16",
    "acceptedDate": "2018-02-16 12:40:01",
    "calendarYear": "2017",
    "period": "FY",
    "revenue": 28216000000,
    "costOfRevenue": 7040000000,
    "grossProfit": 21176000000,
    "grossProfitRatio": 0.7504961724,
    "researchAndDevelopmentExpenses": 4982000000,
    "generalAndAdministrativeExpenses": 6275000000,
    "sellingAndMarketingExpenses": 846000000,
    "sellingGeneralAndAdministrativeExpenses": 6275000000,
    "otherExpenses": -513000000,
    "operatingExpenses": 11257000000,
    "costAndExpenses": 18671000000,
    "interestIncome": 146000000,
    "interestExpense": 1150000000,
    "depreciationAndAmortization": 1501000000,
    "ebitda": 11774000000,
    "ebitdaratio": 0.4172809753,
    "operatingIncome": 9545000000,
    "operatingIncomeRatio": 0.3382832435,
    "totalOtherIncomeExpensesNet": -1818000000,
    "incomeBeforeTax": 7727000000,
    "incomeBeforeTaxRatio": 0.2738517153,
    "incomeTaxExpense": 2418000000,
    "netIncome": 5309000000,
    "netIncomeRatio": 0.1881556564,
    "eps": 3.31,
    "epsdiluted": 3.3,
    "weightedAverageShsOut": 1596000000,
    "weightedAverageShsOutDil": 1603000000,
    "link": "https://www.sec.gov/Archives/edgar/data/1551152/000155115218000014/0001551152-18-000014-index.htm",
    "finalLink": "https://www.sec.gov/Archives/edgar/data/1551152/000155115218000014/abbv-20171231x10k.htm"
  },
  {
    "date": "2016-12-31",
    "symbol": "ABBV",
    "reportedCurrency": "USD",
    "cik": "0001551152",
    "fillingDate": "2017-02-17",
    "acceptedDate": "2017-02-17 12:19:05",
    "calendarYear": "2016",
    "period": "FY",
    "revenue": 25638000000,
    "costOfRevenue": 5833000000,
    "grossProfit": 19805000000,
    "grossProfitRatio": 0.7724861534,
    "researchAndDevelopmentExpenses": 4366000000,
    "generalAndAdministrativeExpenses": 5855000000,
    "sellingAndMarketingExpenses": 764000000,
    "sellingGeneralAndAdministrativeExpenses": 5855000000,
    "otherExpenses": -232000000,
    "operatingExpenses": 10221000000,
    "costAndExpenses": 16298000000,
    "interestIncome": 82000000,
    "interestExpense": 1047000000,
    "depreciationAndAmortization": 1189000000,
    "ebitda": 10812000000,
    "ebitdaratio": 0.4217177627,
    "operatingIncome": 9340000000,
    "operatingIncomeRatio": 0.3643029878,
    "totalOtherIncomeExpensesNet": -1456000000,
    "incomeBeforeTax": 7884000000,
    "incomeBeforeTaxRatio": 0.3075122864,
    "incomeTaxExpense": 1931000000,
    "netIncome": 5953000000,
    "netIncomeRatio": 0.2321943989,
    "eps": 3.65,
    "epsdiluted": 3.63,
    "weightedAverageShsOut": 1622000000,
    "weightedAverageShsOutDil": 1631000000,
    "link": "https://www.sec.gov/Archives/edgar/data/1551152/000155115217000004/0001551152-17-000004-index.htm",
    "finalLink": "https://www.sec.gov/Archives/edgar/data/1551152/000155115217000004/abbv-12312016x10k.htm"
  },
  {
    "date": "2015-12-31",
    "symbol": "ABBV",
    "reportedCurrency": "USD",
    "cik": "0001551152",
    "fillingDate": "2016-02-19",
    "acceptedDate": "2016-02-19 12:32:59",
    "calendarYear": "2015",
    "period": "FY",
    "revenue": 22859000000,
    "costOfRevenue": 4500000000,
    "grossProfit": 18359000000,
    "grossProfitRatio": 0.8031409948,
    "researchAndDevelopmentExpenses": 4285000000,
    "generalAndAdministrativeExpenses": 6387000000,
    "sellingAndMarketingExpenses": 704000000,
    "sellingGeneralAndAdministrativeExpenses": 6387000000,
    "otherExpenses": -13000000,
    "operatingExpenses": 10672000000,
    "costAndExpenses": 15322000000,
    "interestIncome": 33000000,
    "interestExpense": 719000000,
    "depreciationAndAmortization": 836000000,
    "ebitda": 9692000000,
    "ebitdaratio": 0.4239905508,
    "operatingIncome": 7537000000,
    "operatingIncomeRatio": 0.3297169605,
    "totalOtherIncomeExpensesNet": -892000000,
    "incomeBeforeTax": 6645000000,
    "incomeBeforeTaxRatio": 0.290695131,
    "incomeTaxExpense": 1501000000,
    "netIncome": 5144000000,
    "netIncomeRatio": 0.2250317162,
    "eps": 3.15,
    "epsdiluted": 3.13,
    "weightedAverageShsOut": 1625000000,
    "weightedAverageShsOutDil": 1637000000,
    "link": "https://www.sec.gov/Archives/edgar/data/1551152/000104746916010239/0001047469-16-010239-index.htm",
    "finalLink": "https://www.sec.gov/Archives/edgar/data/1551152/000104746916010239/a2227341z10-k.htm"
  }
]