[
  {
    "date": "2024-12-31",
    "symbol": "ABBV",
    "reportedCurrency": "USD",
    "cik": "0001551152",
    "fillingDate": "2025-02-14",
    "acceptedDate": "2025-02-14 13:17:23",
    "calendarYear": "2024",
    "period": "Q4",
    "revenue": 15102000000,
    "costOfRevenue": 4396000000,
    "grossProfit": 10706000000,
    "grossProfitRatio": 0.7089127268,
    "researchAndDevelopmentExpenses": 6774000000,
    "generalAndAdministrativeExpenses": 0,
    "sellingAndMarketingExpenses": 0,
    "sellingGeneralAndAdministrativeExpenses": 3855000000,
    "otherExpenses": 1567000000,
    "operatingExpenses": 12196000000,
    "costAndExpenses": 16592000000,
    "interestIncome": 92000000,
    "interestExpense": 702000000,
    "depreciationAndAmortization": 2102000000,
    "ebitda": 535000000,
    "ebitdaratio": 0.0354257714,
    "operatingIncome": -1490000000,
    "operatingIncomeRatio": -0.0986624288,
    "totalOtherIncomeExpensesNet": -779000000,
    "incomeBeforeTax": -2269000000,
    "incomeBeforeTaxRatio": -0.1502450007,
    "incomeTaxExpense": -2246000000,
    "netIncome": -22000000,
    "netIncomeRatio": -0.0014567607,
    "eps": -0.0181,
    "epsdiluted": -0.0181,
    "weightedAverageShsOut": 1765256986,
    "weightedAverageShsOutDil": 1769000000,
    "link": "https://www.sec.gov/Archives/edgar/data/1551152/000155115225000020/0001551152-25-000020-index.htm",
    "finalLink": "https://www.sec.gov/Archives/edgar/data/1551152/000155115225000020/abbv-20241231.htm"
  },
  {
    "date": "2024-09-30",
    "symbol": "ABBV",
    "reportedCurrency": "USD",
    "cik": "0001551152",
    "fillingDate": "2024-11-04",
    "acceptedDate": "2024-11-04 14:19:33",
    "calendarYear": "2024",
    "period": "Q3",
    "revenue": 14460000000,
    "costOfRevenue": 4212000000,
    "grossProfit": 10248000000,
    "grossProfitRatio": 0.7087136929,
    "researchAndDevelopmentExpenses": 2130000000,
    "generalAndAdministrativeExpenses": 0,
    "sellingAndMarketingExpenses": 0,
    "sellingGeneralAndAdministrativeExpenses": 4205000000,
    "otherExpenses": 82000000,
    "operatingExpenses": 6417000000,
    "costAndExpenses": 10629000000,
    "interestIncome": 0,
    "interestExpense": 591000000,
    "depreciationAndAmortization": 2079000000,
    "ebitda": 4933000000,
    "ebitdaratio": 0.3411479945,
    "operatingIncome": 3831000000,
    "operatingIncomeRatio": 0.2649377593,
    "totalOtherIncomeExpensesNet": -1747000000,
    "incomeBeforeTax": 2084000000,
    "incomeBeforeTaxRatio": 0.1441217151,
    "incomeTaxExpense": 520000000,
    "netIncome": 1561000000,
    "netIncomeRatio": 0.1079529737,
    "eps": 0.88,
    "epsdiluted": 0.88,
    "weightedAverageShsOut": 1769000000,
    "weightedAverageShsOutDil": 1772000000,
    "link": "https://www.sec.gov/Archives/edgar/data/1551152/000155115224000040/0001551152-24-000040-index.htm",
    "finalLink": "https://www.sec.gov/Archives/edgar/data/1551152/000155115224000040/abbv-20240930.htm"
  },
  {
    "date": "2024-06-30",
    "symbol": "ABBV",
    "reportedCurrency": "USD",
    "cik": "0001551152",
    "fillingDate": "2024-08-07",
    "acceptedDate": "2024-08-07 15:00:51",
    "calendarYear": "2024",
    "period": "Q2",
    "revenue": 14462000000,
    "costOfRevenue": 2176000000,
    "grossProfit": 12286000000,
    "grossProfitRatio": 0.8495367169,
    "researchAndDevelopmentExpenses": 1917000000,
    "generalAndAdministrativeExpenses": 0,
    "sellingAndMarketingExpenses": 0,
    "sellingGeneralAndAdministrativeExpenses": 3342000000,
    "otherExpenses": -1947000000,
    "operatingExpenses": 7206000000,
    "costAndExpenses": 10464000000,
    "interestIncome": 220000000,
    "interestExpense": 726000000,
    "depreciationAndAmortization": 2131000000,
    "ebitda": 7129000000,
    "ebitdaratio": 0.4929470336,
    "operatingIncome": 3998000000,
    "operatingIncomeRatio": 0.276448624,
    "totalOtherIncomeExpensesNet": -1852000000,
    "incomeBeforeTax": 2146000000,
    "incomeBeforeTaxRatio": 0.1483888812,
    "incomeTaxExpense": 773000000,
    "netIncome": 1370000000,
    "netIncomeRatio": 0.0947310192,
    "eps": 0.78,
    "epsdiluted": 0.78,
    "weightedAverageShsOut": 1769000000,
    "weightedAverageShsOutDil": 1771000000,
    "link": "https://www.sec.gov/Archives/edgar/data/1551152/000155115224000031/0001551152-24-000031-index.htm",
    "finalLink": "https://www.sec.gov/Archives/edgar/data/1551152/000155115224000031/abbv-20240630.htm"
  },
  {
    "date": "2024-03-31",
    "symbol": "ABBV",
    "reportedCurrency": "USD",
    "cik": "0001551152",
    "fillingDate": "2024-05-03",
    "acceptedDate": "2024-05-03 11:04:11",
    "calendarYear": "2024",
    "period": "Q1",
    "revenue": 12310000000,
    "costOfRevenue": 4082000000,
    "grossProfit": 8228000000,
    "grossProfitRatio": 0.6683996751,
    "researchAndDevelopmentExpenses": 1939000000,
    "generalAndAdministrativeExpenses": 0,
    "sellingAndMarketingExpenses": 0,
    "sellingGeneralAndAdministrativeExpenses": 3300000000,
    "otherExpenses": -586000000,
    "operatingExpenses": 5239000000,
    "costAndExpenses": 9512000000,
    "interestIncome": 207000000,
    "interestExpense": 660000000,
    "depreciationAndAmortization": 2074000000,
    "ebitda": 5557000000,
    "ebitdaratio": 0.4514216084,
    "operatingIncome": 2798000000,
    "operatingIncomeRatio": 0.2272948822,
    "totalOtherIncomeExpensesNet": -1043000000,
    "incomeBeforeTax": 1755000000,
    "incomeBeforeTaxRatio": 0.1425670187,
    "incomeTaxExpense": 383000000,
    "netIncome": 1369000000,
    "netIncomeRatio": 0.1112103981,
    "eps": 0.77,
    "epsdiluted": 0.77,
    "weightedAverageShsOut": 1769000000,
    "weightedAverageShsOutDil": 1773000000,
    "link": "https://www.sec.gov/Archives/edgar/data/1551152/000155115224000020/0001551152-24-000020-index.htm",
    "finalLink": "https://www.sec.gov/Archives/edgar/data/1551152/000155115224000020/abbv-20240331.htm"
  },
  {
    "date": "2023-12-31",
    "symbol": "ABBV",
    "reportedCurrency": "USD",
    "cik": "0001551152",
    "fillingDate": "2024-02-20",
    "acceptedDate": "2024-02-20 12:45:17",
    "calendarYear": "2023",
    "period": "Q4",
    "revenue": 14301000000,
    "costOfRevenue": 2386000000,
    "grossProfit": 11915000000,
    "grossProfitRatio": 0.8331585204,
    "researchAndDevelopmentExpenses": 1921000000,
    "generalAndAdministrativeExpenses": 1406000000,
    "sellingAndMarketingExpenses": 2200000000,
    "sellingGeneralAndAdministrativeExpenses": 3606000000,
    "otherExpenses": -1889000000,
    "operatingExpenses": 7416000000,
    "costAndExpenses": 11106000000,
    "interestIncome": 186000000,
    "interestExpense": 564000000,
    "depreciationAndAmortization": 2076000000,
    "ebitda": 6625000000,
    "ebitdaratio": 0.4632543179,
    "operatingIncome": 3195000000,
    "operatingIncomeRatio": 0.2234109503,
    "totalOtherIncomeExpensesNet": -1983000000,
    "incomeBeforeTax": 1212000000,
    "incomeBeforeTaxRatio": 0.0847493182,
    "incomeTaxExpense": 388000000,
    "netIncome": 822000000,
    "netIncomeRatio": 0.057478498,
    "eps": 0.46,
    "epsdiluted": 0.46,
    "weightedAverageShsOut": 1765940733,
    "weightedAverageShsOutDil": 1772000000,
    "link": "https://www.sec.gov/Archives/edgar/data/1551152/000155115224000011/0001551152-24-000011-index.htm",
    "finalLink": "https://www.sec.gov/Archives/edgar/data/1551152/000155115224000011/abbv-20231231.htm"
  },
  {
    "date": "2023-09-30",
    "symbol": "ABBV",
    "reportedCurrency": "USD",
    "cik": "0001551152",
    "fillingDate": "2023-11-06",
    "acceptedDate": "2023-11-06 13:01:04",
    "calendarYear": "2023",
    "period": "Q3",
    "revenue": 13927000000,
    "costOfRevenue": 6485000000,
    "grossProfit": 7442000000,
    "grossProfitRatio": 0.5343577224,
    "researchAndDevelopmentExpenses": 1723000000,
    "generalAndAdministrativeExpenses": 0,
    "sellingAndMarketingExpenses": 0,
    "sellingGeneralAndAdministrativeExpenses": 3372000000,
    "otherExpenses": 95000000,
    "operatingExpenses": 5095000000,
    "costAndExpenses": 11646000000,
    "interestIncome": 157000000,
    "interestExpense": 555000000,
    "depreciationAndAmortization": 2235000000,
    "ebitda": 4708000000,
    "ebitdaratio": 0.3380483952,
    "operatingIncome": 2281000000,
    "operatingIncomeRatio": 0.1637825806,
    "totalOtherIncomeExpensesNet": -328000000,
    "incomeBeforeTax": 1953000000,
    "incomeBeforeTaxRatio": 0.1402312056,
    "incomeTaxExpense": 172000000,
    "netIncome": 1778000000,
    "netIncomeRatio": 0.1276656854,
    "eps": 1,
    "epsdiluted": 1,
    "weightedAverageShsOut": 1767000000,
    "weightedAverageShsOutDil": 1771000000,
    "link": "https://www.sec.gov/Archives/edgar/data/1551152/000155115223000045/0001551152-23-000045-index.htm",
    "finalLink": "https://www.sec.gov/Archives/edgar/data/1551152/000155115223000045/abbv-20230930.htm"
  },
  {
    "date": "2023-06-30",
    "symbol": "ABBV",
    "reportedCurrency": "USD",
    "cik": "0001551152",
    "fillingDate": "2023-08-07",
    "acceptedDate": "2023-08-07 13:10:46",
    "calendarYear": "2023",
    "period": "Q2",
    "revenue": 13865000000,
    "costOfRevenue": 4240000000,
    "grossProfit": 9625000000,
    "grossProfitRatio": 0.6941940137,
    "researchAndDevelopmentExpenses": 1733000000,
    "generalAndAdministrativeExpenses": 0,
    "sellingAndMarketingExpenses": 0,
    "sellingGeneralAndAdministrativeExpenses": 3268000000,
    "otherExpenses": -1412000000,
    "operatingExpenses": 4832000000,
    "costAndExpenses": 9352000000,
    "interestIncome": 98000000,
    "interestExpense": 552000000,
    "depreciationAndAmortization": 2260000000,
    "ebitda": 7201000000,
    "ebitdaratio": 0.5193653083,
    "operatingIncome": 4513000000,
    "operatingIncomeRatio": 0.3254958529,
    "totalOtherIncomeExpensesNet": -1903000000,
    "incomeBeforeTax": 2610000000,
    "incomeBeforeTaxRatio": 0.1882437793,
    "incomeTaxExpense": 583000000,
    "netIncome": 2024000000,
    "netIncomeRatio": 0.145979084,
    "eps": 1.14,
    "epsdiluted": 1.14,
    "weightedAverageShsOut": 1767000000,
    "weightedAverageShsOutDil": 1771000000,
    "link": "https://www.sec.gov/Archives/edgar/data/1551152/000155115223000033/0001551152-23-000033-index.htm",
    "finalLink": "https://www.sec.gov/Archives/edgar/data/1551152/000155115223000033/abbv-20230630.htm"
  },
  {
    "date": "2023-03-31",
    "symbol": "ABBV",
    "reportedCurrency": "USD",
    "cik": "0001551152",
    "fillingDate": "2023-05-05",
    "acceptedDate": "2023-05-05 12:54:58",
    "calendarYear": "2023",
    "period": "Q1",
    "revenue": 12225000000,
    "costOfRevenue": 3986000000,
    "grossProfit": 8239000000,
    "grossProfitRatio": 0.6739468303,
    "researchAndDevelopmentExpenses": 2292000000,
    "generalAndAdministrativeExpenses": 0,
    "sellingAndMarketingExpenses": 0,
    "sellingGeneralAndAdministrativeExpenses": 3039000000,
    "otherExpenses": -10000000,
    "operatingExpenses": 5321000000,
    "costAndExpenses": 9457000000,
    "interestIncome": 99000000,
    "interestExpense": 553000000,
    "depreciationAndAmortization": 2127000000,
    "ebitda": 5799000000,
    "ebitdaratio": 0.4743558282,
    "operatingIncome": 2768000000,
    "operatingIncomeRatio": 0.2264212679,
    "totalOtherIncomeExpensesNet": -2293000000,
    "incomeBeforeTax": 475000000,
    "incomeBeforeTaxRatio": 0.0388548057,
    "incomeTaxExpense": 234000000,
    "netIncome": 239000000,
    "netIncomeRatio": 0.0195501022,
    "eps": 0.13,
    "epsdiluted": 0.13,
    "weightedAverageShsOut": 1770000000,
    "weightedAverageShsOutDil": 1776000000,
    "link": "https://www.sec.gov/Archives/edgar/data/1551152/000155115223000023/0001551152-23-000023-index.htm",
    "finalLink": "https://www.sec.gov/Archives/edgar/data/1551152/000155115223000023/abbv-20230331.htm"
  },
  {
    "date": "2022-12-31",
    "symbol": "ABBV",
    "reportedCurrency": "USD",
    "cik": "0001551152",
    "fillingDate": "2023-02-17",
    "acceptedDate": "2023-02-17 12:54:29",
    "calendarYear": "2022",
    "period": "Q4",
    "revenue": 15121000000,
    "costOfRevenue": 4170000000,
    "grossProfit": 10951000000,
    "grossProfitRatio": 0.7242245883,
    "researchAndDevelopmentExpenses": 1790000000,
    "generalAndAdministrativeExpenses": 1417000000,
    "sellingAndMarketingExpenses": 2000000000,
    "sellingGeneralAndAdministrativeExpenses": 3417000000,
    "otherExpenses": -1000000,
    "operatingExpenses": 5206000000,
    "costAndExpenses": 9619000000,
    "interestIncome": 90000000,
    "interestExpense": 566000000,
    "depreciationAndAmortization": 2157000000,
    "ebitda": 8260000000,
    "ebitdaratio": 0.546260168,
    "operatingIncome": 5502000000,
    "operatingIncomeRatio": 0.3638648238,
    "totalOtherIncomeExpensesNet": -2537000000,
    "incomeBeforeTax": 2965000000,
    "incomeBeforeTaxRatio": 0.196084915,
    "incomeTaxExpense": 493000000,
    "netIncome": 2473000000,
    "netIncomeRatio": 0.1635473844,
    "eps": 1.4,
    "epsdiluted": 1.39,
    "weightedAverageShsOut": 1769181294,
    "weightedAverageShsOutDil": 1778000000,
    "link": "https://www.sec.gov/Archives/edgar/data/1551152/000155115223000011/0001551152-23-000011-index.htm",
    "finalLink": "https://www.sec.gov/Archives/edgar/data/1551152/000155115223000011/abbv-20221231.htm"
  },
  {
    "date": "2022-09-30",
    "symbol": "ABBV",
    "reportedCurrency": "USD",
    "cik": "0001551152",
    "fillingDate": "2022-11-04",
    "acceptedDate": "2022-11-04 13:07:23",
    "calendarYear": "2022",
    "period": "Q3",
    "revenue": 14812000000,
    "costOfRevenue": 5022000000,
    "grossProfit": 9790000000,
    "grossProfitRatio": 0.6609505806,
    "researchAndDevelopmentExpenses": 1614000000,
    "generalAndAdministrativeExpenses": 0,
    "sellingAndMarketingExpenses": 0,
    "sellingGeneralAndAdministrativeExpenses": 3304000000,
    "otherExpenses": 229000000,
    "operatingExpenses": 5147000000,
    "costAndExpenses": 10209000000,
    "interestIncome": 63000000,
    "interestExpense": 560000000,
    "depreciationAndAmortization": 2205000000,
    "ebitda": 7235000000,
    "ebitdaratio": 0.4884553065,
    "operatingIncome": 4603000000,
    "operatingIncomeRatio": 0.3107615447,
    "totalOtherIncomeExpensesNet": -203000000,
    "incomeBeforeTax": 4400000000,
    "incomeBeforeTaxRatio": 0.2970564407,
    "incomeTaxExpense": 448000000,
    "netIncome": 3949000000,
    "netIncomeRatio": 0.2666081555,
    "eps": 2.23,
    "epsdiluted": 2.22,
    "weightedAverageShsOut": 1771000000,
    "weightedAverageShsOutDil": 1776000000,
    "link": "https://www.sec.gov/Archives/edgar/data/1551152/000155115222000045/0001551152-22-000045-index.htm",
    "finalLink": "https://www.sec.gov/Archives/edgar/data/1551152/000155115222000045/abbv-20220930.htm"
  },
  {
    "date": "2022-06-30",
    "symbol": "ABBV",
    "reportedCurrency": "USD",
    "cik": "0001551152",
    "fillingDate": "2022-08-04",
    "acceptedDate": "2022-08-04 15:57:33",
    "calendarYear": "2022",
    "period": "Q2",
    "revenue": 14583000000,
    "costOfRevenue": 4170000000,
    "grossProfit": 10413000000,
    "grossProfitRatio": 0.7140506069,
    "researchAndDevelopmentExpenses": 1609000000,
    "generalAndAdministrativeExpenses": 0,
    "sellingAndMarketingExpenses": 0,
    "sellingGeneralAndAdministrativeExpenses": 5412000000,
    "otherExpenses": -1533000000,
    "operatingExpenses": 6849000000,
    "costAndExpenses": 11288000000,
    "interestIncome": 24000000,
    "interestExpense": 556000000,
    "depreciationAndAmortization": 2052000000,
    "ebitda": 7789000000,
    "ebitdaratio": 0.5341150655,
    "operatingIncome": 3295000000,
    "operatingIncomeRatio": 0.2259480217,
    "totalOtherIncomeExpensesNet": -2112000000,
    "incomeBeforeTax": 1183000000,
    "incomeBeforeTaxRatio": 0.0811218542,
    "incomeTaxExpense": 255000000,
    "netIncome": 924000000,
    "netIncomeRatio": 0.0633614483,
    "eps": 0.52,
    "epsdiluted": 0.51,
    "weightedAverageShsOut": 1770000000,
    "weightedAverageShsOutDil": 1776000000,
    "link": "https://www.sec.gov/Archives/edgar/data/1551152/000155115222000030/0001551152-22-000030-index.htm",
    "finalLink": "https://www.sec.gov/Archives/edgar/data/1551152/000155115222000030/abbv-20220630.htm"
  },
  {
    "date": "2022-03-31",
    "symbol": "ABBV",
    "reportedCurrency": "USD",
    "cik": "0001551152",
    "fillingDate": "2022-05-06",
    "acceptedDate": "2022-05-06 12:51:05",
    "calendarYear": "2022",
    "period": "Q1",
    "revenue": 13538000000,
    "costOfRevenue": 4052000000,
    "grossProfit": 9486000000,
    "grossProfitRatio": 0.7006943419,
    "researchAndDevelopmentExpenses": 1497000000,
    "generalAndAdministrativeExpenses": 0,
    "sellingAndMarketingExpenses": 0,
    "sellingGeneralAndAdministrativeExpenses": 3127000000,
    "otherExpenses": 776000000,
    "operatingExpenses": 4624000000,
    "costAndExpenses": 8821000000,
    "interestIncome": 9000000,
    "interestExpense": 548000000,
    "depreciationAndAmortization": 2053000000,
    "ebitda": 7270000000,
    "ebitdaratio": 0.5370069434,
    "operatingIncome": 4717000000,
    "operatingIncomeRatio": 0.3484266509,
    "totalOtherIncomeExpensesNet": 212000000,
    "incomeBeforeTax": 4929000000,
    "incomeBeforeTaxRatio": 0.3640862757,
    "incomeTaxExpense": 436000000,
    "netIncome": 4490000000,
    "netIncomeRatio": 0.3316590338,
    "eps": 2.54,
    "epsdiluted": 2.53,
    "weightedAverageShsOut": 1771000000,
    "weightedAverageShsOutDil": 1778000000,
    "link": "https://www.sec.gov/Archives/edgar/data/1551152/000155115222000017/0001551152-22-000017-index.htm",
    "finalLink": "https://www.sec.gov/Archives/edgar/data/1551152/000155115222000017/abbv-20220331.htm"
  },
  {
    "date": "2021-12-31",
    "symbol": "ABBV",
    "reportedCurrency": "USD",
    "cik": "0001551152",
    "fillingDate": "2022-02-18",
    "acceptedDate": "2022-02-18 12:41:31",
    "calendarYear": "2021",
    "period": "Q4",
    "revenue": 14886000000,
    "costOfRevenue": 4320000000,
    "grossProfit": 10566000000,
    "grossProfitRatio": 0.7097944377,
    "researchAndDevelopmentExpenses": 1827000000,
    "generalAndAdministrativeExpenses": 1160000000,
    "sellingAndMarketingExpenses": 2100000000,
    "sellingGeneralAndAdministrativeExpenses": 3260000000,
    "otherExpenses": -216000000,
    "operatingExpenses": 5087000000,
    "costAndExpenses": 9812000000,
    "interestIncome": 9000000,
    "interestExpense": 580000000,
    "depreciationAndAmortization": 1979000000,
    "ebitda": 8769000000,
    "ebitdaratio": 0.5890769851,
    "operatingIncome": 5074000000,
    "operatingIncomeRatio": 0.3408571812,
    "totalOtherIncomeExpensesNet": -803000000,
    "incomeBeforeTax": 4271000000,
    "incomeBeforeTaxRatio": 0.2869138788,
    "incomeTaxExpense": 226000000,
    "netIncome": 4044000000,
    "netIncomeRatio": 0.2716646514,
    "eps": 2.29,
    "epsdiluted": 2.26,
    "weightedAverageShsOut": 1773000000,
    "weightedAverageShsOutDil": 1780000000,
    "link": "https://www.sec.gov/Archives/edgar/data/1551152/000155115222000007/0001551152-22-000007-index.htm",
    "finalLink": "https://www.sec.gov/Archives/edgar/data/1551152/000155115222000007/abbv-20211231.htm"
  },
  {
    "date": "2021-09-30",
    "symbol": "ABBV",
    "reportedCurrency": "USD",
    "cik": "0001551152",
    "fillingDate": "2021-11-02",
    "acceptedDate": "2021-11-02 12:52:31",
    "calendarYear": "2021",
    "period": "Q3",
    "revenue": 14342000000,
    "costOfRevenue": 4390000000,
    "grossProfit": 9952000000,
    "grossProfitRatio": 0.6939060103,
    "researchAndDevelopmentExpenses": 1673000000,
    "generalAndAdministrativeExpenses": 0,
    "sellingAndMarketingExpenses": 0,
    "sellingGeneralAndAdministrativeExpenses": 3083000000,
    "otherExpenses": -21000000,
    "operatingExpenses": 5256000000,
    "costAndExpenses": 10036000000,
    "interestIncome": 11000000,
    "interestExpense": 596000000,
    "depreciationAndAmortization": 2127000000,
    "ebitda": 7036000000,
    "ebitdaratio": 0.4905870869,
    "operatingIncome": 4306000000,
    "operatingIncomeRatio": 0.300237066,
    "totalOtherIncomeExpensesNet": -618000000,
    "incomeBeforeTax": 3688000000,
    "incomeBeforeTaxRatio": 0.2571468414,
    "incomeTaxExpense": 508000000,
    "netIncome": 3179000000,
    "netIncomeRatio": 0.2216566727,
    "eps": 1.78,
    "epsdiluted": 1.78,
    "weightedAverageShsOut": 1770000000,
    "weightedAverageShsOutDil": 1777000000,
    "link": "https://www.sec.gov/Archives/edgar/data/1551152/000155115221000031/0001551152-21-000031-index.htm",
    "finalLink": "https://www.sec.gov/Archives/edgar/data/1551152/000155115221000031/abbv-20210930.htm"
  },
  {
    "date": "2021-06-30",
    "symbol": "ABBV",
    "reportedCurrency": "USD",
    "cik": "0001551152",
    "fillingDate": "2021-08-02",
    "acceptedDate": "2021-08-02 13:28:20",
    "calendarYear": "2021",
    "period": "Q2",
    "revenue": 13959000000,
    "costOfRevenue": 4523000000,
    "grossProfit": 9436000000,
    "grossProfitRatio": 0.6759796547,
    "researchAndDevelopmentExpenses": 1802000000,
    "generalAndAdministrativeExpenses": 0,
    "sellingAndMarketingExpenses": 0,
    "sellingGeneralAndAdministrativeExpenses": 3164000000,
    "otherExpenses": -2658000000,
    "operatingExpenses": 4898000000,
    "costAndExpenses": 9518000000,
    "interestIncome": 9000000,
    "interestExpense": 615000000,
    "depreciationAndAmortization": 2200000000,
    "ebitda": 6931000000,
    "ebitdaratio": 0.4965255391,
    "operatingIncome": 4441000000,
    "operatingIncomeRatio": 0.318145999,
    "totalOtherIncomeExpensesNet": -3278000000,
    "incomeBeforeTax": 1163000000,
    "incomeBeforeTaxRatio": 0.0833154237,
    "incomeTaxExpense": 394000000,
    "netIncome": 766000000,
    "netIncomeRatio": 0.054874991,
    "eps": 0.42,
    "epsdiluted": 0.42,
    "weightedAverageShsOut": 1769000000,
    "weightedAverageShsOutDil": 1776000000,
    "link": "https://www.sec.gov/Archives/edgar/data/1551152/000155115221000025/0001551152-21-000025-index.htm",
    "finalLink": "https://www.sec.gov/Archives/edgar/data/1551152/000155115221000025/abbv-20210630.htm"
  },
  {
    "date": "2021-03-31",
    "symbol": "ABBV",
    "reportedCurrency": "USD",
    "cik": "0001551152",
    "fillingDate": "2021-05-07",
    "acceptedDate": "2021-05-07 10:14:00",
    "calendarYear": "2021",
    "period": "Q1",
    "revenue": 13010000000,
    "costOfRevenue": 4213000000,
    "grossProfit": 8797000000,
    "grossProfitRatio": 0.6761721752,
    "researchAndDevelopmentExpenses": 1782000000,
    "generalAndAdministrativeExpenses": 0,
    "sellingAndMarketingExpenses": 0,
    "sellingGeneralAndAdministrativeExpenses": 2842000000,
    "otherExpenses": 395000000,
    "operatingExpenses": 4624000000,
    "costAndExpenses": 8907000000,
    "interestIncome": 10000000,
    "interestExpense": 632000000,
    "depreciationAndAmortization": 2215000000,
    "ebitda": 6676000000,
    "ebitdaratio": 0.5131437356,
    "operatingIncome": 4103000000,
    "operatingIncomeRatio": 0.3153727902,
    "totalOtherIncomeExpensesNet": -236000000,
    "incomeBeforeTax": 3867000000,
    "incomeBeforeTaxRatio": 0.2972328978,
    "incomeTaxExpense": 312000000,
    "netIncome": 3553000000,
    "netIncomeRatio": 0.2730976172,
    "eps": 2,
    "epsdiluted": 1.99,
    "weightedAverageShsOut": 1769000000,
    "weightedAverageShsOutDil": 1775000000,
    "link": "https://www.sec.gov/Archives/edgar/data/1551152/000155115221000016/0001551152-21-000016-index.htm",
    "finalLink": "https://www.sec.gov/Archives/edgar/data/1551152/000155115221000016/abbv-20210331.htm"
  },
  {
    "date": "2020-12-31",
    "symbol": "ABBV",
    "reportedCurrency": "USD",
    "cik": "0001551152",
    "fillingDate": "2021-02-19",
    "acceptedDate": "2021-02-19 14:05:43",
    "calendarYear": "2020",
    "period": "Q4",
    "revenue": 13858000000,
    "costOfRevenue": 4684000000,
    "grossProfit": 9174000000,
    "grossProfitRatio": 0.6620002886,
    "researchAndDevelopmentExpenses": 1890000000,
    "generalAndAdministrativeExpenses": 1431000000,
    "sellingAndMarketingExpenses": 1800000000,
    "sellingGeneralAndAdministrativeExpenses": 3231000000,
    "otherExpenses": -4625000000,
    "operatingExpenses": 5121000000,
    "costAndExpenses": 10105000000,
    "interestIncome": 11000000,
    "interestExpense": 629000000,
    "depreciationAndAmortization": 2065000000,
    "ebitda": 8374000000,
    "ebitdaratio": 0.6042719007,
    "operatingIncome": 3753000000,
    "operatingIncomeRatio": 0.2708182999,
    "totalOtherIncomeExpensesNet": -5260000000,
    "incomeBeforeTax": -1507000000,
    "incomeBeforeTaxRatio": -0.1087458508,
    "incomeTaxExpense": 1545000000,
    "netIncome": 36000000,
    "netIncomeRatio": 0.0025977775,
    "eps": 0.0204,
    "epsdiluted": 0.01,
    "weightedAverageShsOut": 1769000000,
    "weightedAverageShsOutDil": 1781000000,
    "link": "https://www.sec.gov/Archives/edgar/data/1551152/000155115221000008/0001551152-21-000008-index.htm",
    "finalLink": "https://www.sec.gov/Archives/edgar/data/1551152/000155115221000008/abbv-20201231.htm"
  },
  {
    "date": "2020-09-30",
    "symbol": "ABBV",
    "reportedCurrency": "USD",
    "cik": "0001551152",
    "fillingDate": "2020-11-04",
    "acceptedDate": "2020-11-04 09:53:25",
    "calendarYear": "2020",
    "period": "Q3",
    "revenue": 12902000000,
    "costOfRevenue": 5050000000,
    "grossProfit": 7852000000,
    "grossProfitRatio": 0.6085878158,
    "researchAndDevelopmentExpenses": 1706000000,
    "generalAndAdministrativeExpenses": 0,
    "sellingAndMarketingExpenses": 0,
    "sellingGeneralAndAdministrativeExpenses": 2846000000,
    "otherExpenses": -115000000,
    "operatingExpenses": 4552000000,
    "costAndExpenses": 9647000000,
    "interestIncome": 10000000,
    "interestExpense": 630000000,
    "depreciationAndAmortization": 2292000000,
    "ebitda": 5839000000,
    "ebitdaratio": 0.4525654937,
    "operatingIncome": 3255000000,
    "operatingIncomeRatio": 0.2522864672,
    "totalOtherIncomeExpensesNet": -755000000,
    "incomeBeforeTax": 2500000000,
    "incomeBeforeTaxRatio": 0.193768408,
    "incomeTaxExpense": 187000000,
    "netIncome": 2308000000,
    "netIncomeRatio": 0.1788869943,
    "eps": 1.3,
    "epsdiluted": 1.29,
    "weightedAverageShsOut": 1769000000,
    "weightedAverageShsOutDil": 1774000000,
    "link": "https://www.sec.gov/Archives/edgar/data/1551152/000155115220000032/0001551152-20-000032-index.htm",
    "finalLink": "https://www.sec.gov/Archives/edgar/data/1551152/000155115220000032/abbv-20200930x10q.htm"
  },
  {
    "date": "2020-06-30",
    "symbol": "ABBV",
    "reportedCurrency": "USD",
    "cik": "0001551152",
    "fillingDate": "2020-08-04",
    "acceptedDate": "2020-08-04 09:55:42",
    "calendarYear": "2020",
    "period": "Q2",
    "revenue": 10425000000,
    "costOfRevenue": 3711000000,
    "grossProfit": 6714000000,
    "grossProfitRatio": 0.644028777,
    "researchAndDevelopmentExpenses": 1582000000,
    "generalAndAdministrativeExpenses": 0,
    "sellingAndMarketingExpenses": 0,
    "sellingGeneralAndAdministrativeExpenses": 3527000000,
    "otherExpenses": -802000000,
    "operatingExpenses": 5109000000,
    "costAndExpenses": 9673000000,
    "interestIncome": 18000000,
    "interestExpense": 632000000,
    "depreciationAndAmortization": 1555000000,
    "ebitda": 3753000000,
    "ebitdaratio": 0.36,
    "operatingIncome": 752000000,
    "operatingIncomeRatio": 0.0721342926,
    "totalOtherIncomeExpensesNet": -1445000000,
    "incomeBeforeTax": -693000000,
    "incomeBeforeTaxRatio": -0.0664748201,
    "incomeTaxExpense": 46000000,
    "netIncome": -738000000,
    "netIncomeRatio": -0.0707913669,
    "eps": -0.45,
    "epsdiluted": -0.45,
    "weightedAverageShsOut": 1643478260,
    "weightedAverageShsOutDil": 1647000000,
    "link": "https://www.sec.gov/Archives/edgar/data/1551152/000155115220000023/0001551152-20-000023-index.htm",
    "finalLink": "https://www.sec.gov/Archives/edgar/data/1551152/000155115220000023/abbv-20200630x10q.htm"
  },
  {
    "date": "2020-03-31",
    "symbol": "ABBV",
    "reportedCurrency": "USD",
    "cik": "0001551152",
    "fillingDate": "2020-05-08",
    "acceptedDate": "2020-05-07 19:19:59",
    "calendarYear": "2020",
    "period": "Q1",
    "revenue": 8619000000,
    "costOfRevenue": 1942000000,
    "grossProfit": 6677000000,
    "grossProfitRatio": 0.774683838,
    "researchAndDevelopmentExpenses": 1379000000,
    "generalAndAdministrativeExpenses": 1695000000,
    "sellingAndMarketingExpenses": 0,
    "sellingGeneralAndAdministrativeExpenses": 1695000000,
    "otherExpenses": -72000000,
    "operatingExpenses": 3074000000,
    "costAndExpenses": 5016000000,
    "interestIncome": 135000000,
    "interestExpense": 563000000,
    "depreciationAndAmortization": 559000000,
    "ebitda": 4204000000,
    "ebitdaratio": 0.4877596009,
    "operatingIncome": 3603000000,
    "operatingIncomeRatio": 0.4180299339,
    "totalOtherIncomeExpensesNet": -505000000,
    "incomeBeforeTax": 3098000000,
    "incomeBeforeTaxRatio": 0.3594384499,
    "incomeTaxExpense": 88000000,
    "netIncome": 3010000000,
    "netIncomeRatio": 0.3492284488,
    "eps": 2.02,
    "epsdiluted": 2.02,
    "weightedAverageShsOut": 1481000000,
    "weightedAverageShsOutDil": 1484000000,
    "link": "https://www.sec.gov/Archives/edgar/data/1551152/000155115220000015/0001551152-20-000015-index.htm",
    "finalLink": "https://www.sec.gov/Archives/edgar/data/1551152/000155115220000015/abbv-20200331x10q.htm"
  }
]