[
  {
    "date": "2024-12-31",
    "symbol": "BA",
    "reportedCurrency": "USD",
    "cik": "0000012927",
    "fillingDate": "2025-02-03",
    "acceptedDate": "2025-02-03 14:37:45",
    "calendarYear": "2024",
    "period": "FY",
    "revenue": 66517000000,
    "costOfRevenue": 68508000000,
    "grossProfit": -1991000000,
    "grossProfitRatio": -0.0299321978,
    "researchAndDevelopmentExpenses": 3812000000,
    "generalAndAdministrativeExpenses": 5021000000,
    "sellingAndMarketingExpenses": 0,
    "sellingGeneralAndAdministrativeExpenses": 5021000000,
    "otherExpenses": -117000000,
    "operatingExpenses": 8716000000,
    "costAndExpenses": 77224000000,
    "interestIncome": 0,
    "interestExpense": 2725000000,
    "depreciationAndAmortization": 1836000000,
    "ebitda": -7649000000,
    "ebitdaratio": -0.1149931596,
    "operatingIncome": -10707000000,
    "operatingIncomeRatio": -0.1609663695,
    "totalOtherIncomeExpensesNet": -1503000000,
    "incomeBeforeTax": -12210000000,
    "incomeBeforeTaxRatio": -0.1835620969,
    "incomeTaxExpense": -381000000,
    "netIncome": -11817000000,
    "netIncomeRatio": -0.1776538329,
    "eps": -18.36,
    "epsdiluted": -18.36,
    "weightedAverageShsOut": 646900000,
    "weightedAverageShsOutDil": 646900000,
    "link": "https://www.sec.gov/Archives/edgar/data/12927/000001292725000015/0000012927-25-000015-index.htm",
    "finalLink": "https://www.sec.gov/Archives/edgar/data/12927/000001292725000015/ba-20241231.htm"
  },
  {
    "date": "2023-12-31",
    "symbol": "BA",
    "reportedCurrency": "USD",
    "cik": "0000012927",
    "fillingDate": "2024-01-31",
    "acceptedDate": "2024-01-31 12:45:19",
    "calendarYear": "2023",
    "period": "FY",
    "revenue": 77794000000,
    "costOfRevenue": 70070000000,
    "grossProfit": 7724000000,
    "grossProfitRatio": 0.0992878628,
    "researchAndDevelopmentExpenses": 3377000000,
    "generalAndAdministrativeExpenses": 5168000000,
    "sellingAndMarketingExpenses": 0,
    "sellingGeneralAndAdministrativeExpenses": 5168000000,
    "otherExpenses": 0,
    "operatingExpenses": 8497000000,
    "costAndExpenses": 78567000000,
    "interestIncome": 0,
    "interestExpense": 2459000000,
    "depreciationAndAmortization": 1861000000,
    "ebitda": 2315000000,
    "ebitdaratio": 0.029758079,
    "operatingIncome": -773000000,
    "operatingIncomeRatio": -0.009936499,
    "totalOtherIncomeExpensesNet": -1232000000,
    "incomeBeforeTax": -2005000000,
    "incomeBeforeTaxRatio": -0.0257731959,
    "incomeTaxExpense": 237000000,
    "netIncome": -2222000000,
    "netIncomeRatio": -0.0285626141,
    "eps": -3.67,
    "epsdiluted": -3.67,
    "weightedAverageShsOut": 605449591,
    "weightedAverageShsOutDil": 606100000,
    "link": "https://www.sec.gov/Archives/edgar/data/12927/000001292724000010/0000012927-24-000010-index.htm",
    "finalLink": "https://www.sec.gov/Archives/edgar/data/12927/000001292724000010/ba-20231231.htm"
  },
  {
    "date": "2022-12-31",
    "symbol": "BA",
    "reportedCurrency": "USD",
    "cik": "0000012927",
    "fillingDate": "2023-01-27",
    "acceptedDate": "2023-01-27 14:26:33",
    "calendarYear": "2022",
    "period": "FY",
    "revenue": 66608000000,
    "costOfRevenue": 63078000000,
    "grossProfit": 3530000000,
    "grossProfitRatio": 0.052996637,
    "researchAndDevelopmentExpenses": 2852000000,
    "generalAndAdministrativeExpenses": 4187000000,
    "sellingAndMarketingExpenses": 0,
    "sellingGeneralAndAdministrativeExpenses": 4187000000,
    "otherExpenses": 1058000000,
    "operatingExpenses": 7039000000,
    "costAndExpenses": 70117000000,
    "interestIncome": 0,
    "interestExpense": 2561000000,
    "depreciationAndAmortization": 1979000000,
    "ebitda": -510000000,
    "ebitdaratio": -0.0076567379,
    "operatingIncome": -3519000000,
    "operatingIncomeRatio": -0.0528314917,
    "totalOtherIncomeExpensesNet": -1503000000,
    "incomeBeforeTax": -5022000000,
    "incomeBeforeTaxRatio": -0.0753963488,
    "incomeTaxExpense": 31000000,
    "netIncome": -4935000000,
    "netIncomeRatio": -0.0740901994,
    "eps": -8.3,
    "epsdiluted": -8.29,
    "weightedAverageShsOut": 594578313,
    "weightedAverageShsOutDil": 595200000,
    "link": "https://www.sec.gov/Archives/edgar/data/12927/000001292723000007/0000012927-23-000007-index.htm",
    "finalLink": "https://www.sec.gov/Archives/edgar/data/12927/000001292723000007/ba-20221231.htm"
  },
  {
    "date": "2021-12-31",
    "symbol": "BA",
    "reportedCurrency": "USD",
    "cik": "0000012927",
    "fillingDate": "2022-01-31",
    "acceptedDate": "2022-01-31 10:33:32",
    "calendarYear": "2021",
    "period": "FY",
    "revenue": 62286000000,
    "costOfRevenue": 59237000000,
    "grossProfit": 3049000000,
    "grossProfitRatio": 0.0489516103,
    "researchAndDevelopmentExpenses": 2249000000,
    "generalAndAdministrativeExpenses": 4157000000,
    "sellingAndMarketingExpenses": 0,
    "sellingGeneralAndAdministrativeExpenses": 4157000000,
    "otherExpenses": 551000000,
    "operatingExpenses": 6406000000,
    "costAndExpenses": 65643000000,
    "interestIncome": 0,
    "interestExpense": 2714000000,
    "depreciationAndAmortization": 2144000000,
    "ebitda": -207000000,
    "ebitdaratio": -0.0033233793,
    "operatingIncome": -2870000000,
    "operatingIncomeRatio": -0.0460777703,
    "totalOtherIncomeExpensesNet": -2163000000,
    "incomeBeforeTax": -5033000000,
    "incomeBeforeTaxRatio": -0.0808046752,
    "incomeTaxExpense": -743000000,
    "netIncome": -4202000000,
    "netIncomeRatio": -0.0674629933,
    "eps": -7.15,
    "epsdiluted": -7.15,
    "weightedAverageShsOut": 587692308,
    "weightedAverageShsOutDil": 588000000,
    "link": "https://www.sec.gov/Archives/edgar/data/12927/000001292722000010/0000012927-22-000010-index.htm",
    "finalLink": "https://www.sec.gov/Archives/edgar/data/12927/000001292722000010/ba-20211231.htm"
  },
  {
    "date": "2020-12-31",
    "symbol": "BA",
    "reportedCurrency": "USD",
    "cik": "0000012927",
    "fillingDate": "2021-02-01",
    "acceptedDate": "2021-02-01 14:20:17",
    "calendarYear": "2020",
    "period": "FY",
    "revenue": 58158000000,
    "costOfRevenue": 63843000000,
    "grossProfit": -5685000000,
    "grossProfitRatio": -0.0977509543,
    "researchAndDevelopmentExpenses": 2476000000,
    "generalAndAdministrativeExpenses": 4817000000,
    "sellingAndMarketingExpenses": 0,
    "sellingGeneralAndAdministrativeExpenses": 4817000000,
    "otherExpenses": 447000000,
    "operatingExpenses": 7293000000,
    "costAndExpenses": 71136000000,
    "interestIncome": 0,
    "interestExpense": 2156000000,
    "depreciationAndAmortization": 2246000000,
    "ebitda": -10074000000,
    "ebitdaratio": -0.173217786,
    "operatingIncome": -12767000000,
    "operatingIncomeRatio": -0.2195226796,
    "totalOtherIncomeExpensesNet": -1709000000,
    "incomeBeforeTax": -14476000000,
    "incomeBeforeTaxRatio": -0.2489081468,
    "incomeTaxExpense": -2535000000,
    "netIncome": -11941000000,
    "netIncomeRatio": -0.2053199904,
    "eps": -21,
    "epsdiluted": -20.99,
    "weightedAverageShsOut": 568630268,
    "weightedAverageShsOutDil": 569000000,
    "link": "https://www.sec.gov/Archives/edgar/data/12927/000001292721000011/0000012927-21-000011-index.htm",
    "finalLink": "https://www.sec.gov/Archives/edgar/data/12927/000001292721000011/ba-20201231.htm"
  },
  {
    "date": "2019-12-31",
    "symbol": "BA",
    "reportedCurrency": "USD",
    "cik": "0000012927",
    "fillingDate": "2020-01-31",
    "acceptedDate": "2020-01-31 13:23:40",
    "calendarYear": "2019",
    "period": "FY",
    "revenue": 76559000000,
    "costOfRevenue": 72093000000,
    "grossProfit": 4466000000,
    "grossProfitRatio": 0.0583340953,
    "researchAndDevelopmentExpenses": 3219000000,
    "generalAndAdministrativeExpenses": 3909000000,
    "sellingAndMarketingExpenses": 0,
    "sellingGeneralAndAdministrativeExpenses": 3909000000,
    "otherExpenses": 438000000,
    "operatingExpenses": 7128000000,
    "costAndExpenses": 79221000000,
    "interestIncome": 0,
    "interestExpense": 722000000,
    "depreciationAndAmortization": 2271000000,
    "ebitda": 734000000,
    "ebitdaratio": 0.0095873771,
    "operatingIncome": -1975000000,
    "operatingIncomeRatio": -0.0257970977,
    "totalOtherIncomeExpensesNet": -284000000,
    "incomeBeforeTax": -2259000000,
    "incomeBeforeTaxRatio": -0.029506655,
    "incomeTaxExpense": -1623000000,
    "netIncome": -636000000,
    "netIncomeRatio": -0.0083073185,
    "eps": -1.12,
    "epsdiluted": -1.12,
    "weightedAverageShsOut": 567857143,
    "weightedAverageShsOutDil": 567857143,
    "link": "https://www.sec.gov/Archives/edgar/data/12927/000001292720000014/0000012927-20-000014-index.htm",
    "finalLink": "https://www.sec.gov/Archives/edgar/data/12927/000001292720000014/a201912dec3110k.htm"
  },
  {
    "date": "2018-12-31",
    "symbol": "BA",
    "reportedCurrency": "USD",
    "cik": "0000012927",
    "fillingDate": "2019-02-08",
    "acceptedDate": "2019-02-08 13:10:39",
    "calendarYear": "2018",
    "period": "FY",
    "revenue": 101127000000,
    "costOfRevenue": 81490000000,
    "grossProfit": 19637000000,
    "grossProfitRatio": 0.1941815737,
    "researchAndDevelopmentExpenses": 3269000000,
    "generalAndAdministrativeExpenses": 4567000000,
    "sellingAndMarketingExpenses": 0,
    "sellingGeneralAndAdministrativeExpenses": 4567000000,
    "otherExpenses": 92000000,
    "operatingExpenses": 7836000000,
    "costAndExpenses": 89326000000,
    "interestIncome": 0,
    "interestExpense": 475000000,
    "depreciationAndAmortization": 2114000000,
    "ebitda": 13957000000,
    "ebitdaratio": 0.1380145757,
    "operatingIncome": 11987000000,
    "operatingIncomeRatio": 0.1185341205,
    "totalOtherIncomeExpensesNet": -383000000,
    "incomeBeforeTax": 11604000000,
    "incomeBeforeTaxRatio": 0.1147468035,
    "incomeTaxExpense": 1144000000,
    "netIncome": 10460000000,
    "netIncomeRatio": 0.1034342955,
    "eps": 18.05,
    "epsdiluted": 17.84,
    "weightedAverageShsOut": 579501385,
    "weightedAverageShsOutDil": 586200000,
    "link": "https://www.sec.gov/Archives/edgar/data/12927/000001292719000010/0000012927-19-000010-index.htm",
    "finalLink": "https://www.sec.gov/Archives/edgar/data/12927/000001292719000010/a201812dec3110k.htm"
  },
  {
    "date": "2017-12-31",
    "symbol": "BA",
    "reportedCurrency": "USD",
    "cik": "0000012927",
    "fillingDate": "2018-02-12",
    "acceptedDate": "2018-02-12 14:31:00",
    "calendarYear": "2017",
    "period": "FY",
    "revenue": 93392000000,
    "costOfRevenue": 76066000000,
    "grossProfit": 17326000000,
    "grossProfitRatio": 0.1855191023,
    "researchAndDevelopmentExpenses": 3179000000,
    "generalAndAdministrativeExpenses": 4094000000,
    "sellingAndMarketingExpenses": 0,
    "sellingGeneralAndAdministrativeExpenses": 4094000000,
    "otherExpenses": 129000000,
    "operatingExpenses": 7273000000,
    "costAndExpenses": 83339000000,
    "interestIncome": 0,
    "interestExpense": 360000000,
    "depreciationAndAmortization": 2069000000,
    "ebitda": 12160000000,
    "ebitdaratio": 0.1302038719,
    "operatingIncome": 10278000000,
    "operatingIncomeRatio": 0.1100522529,
    "totalOtherIncomeExpensesNet": -237000000,
    "incomeBeforeTax": 10047000000,
    "incomeBeforeTaxRatio": 0.1075788076,
    "incomeTaxExpense": 1850000000,
    "netIncome": 8197000000,
    "netIncomeRatio": 0.0877698304,
    "eps": 13.6,
    "epsdiluted": 13.43,
    "weightedAverageShsOut": 602720588,
    "weightedAverageShsOutDil": 610700000,
    "link": "https://www.sec.gov/Archives/edgar/data/12927/000001292718000007/0000012927-18-000007-index.htm",
    "finalLink": "https://www.sec.gov/Archives/edgar/data/12927/000001292718000007/a201712dec3110k.htm"
  },
  {
    "date": "2016-12-31",
    "symbol": "BA",
    "reportedCurrency": "USD",
    "cik": "0000012927",
    "fillingDate": "2017-02-10",
    "acceptedDate": "2017-02-09 18:39:57",
    "calendarYear": "2016",
    "period": "FY",
    "revenue": 94571000000,
    "costOfRevenue": 80790000000,
    "grossProfit": 13781000000,
    "grossProfitRatio": 0.1457212042,
    "researchAndDevelopmentExpenses": 4627000000,
    "generalAndAdministrativeExpenses": 3616000000,
    "sellingAndMarketingExpenses": 0,
    "sellingGeneralAndAdministrativeExpenses": 3616000000,
    "otherExpenses": 40000000,
    "operatingExpenses": 8243000000,
    "costAndExpenses": 89033000000,
    "interestIncome": 0,
    "interestExpense": 306000000,
    "depreciationAndAmortization": 1910000000,
    "ebitda": 7784000000,
    "ebitdaratio": 0.0823085301,
    "operatingIncome": 5834000000,
    "operatingIncomeRatio": 0.0616891013,
    "totalOtherIncomeExpensesNet": -51000000,
    "incomeBeforeTax": 5568000000,
    "incomeBeforeTaxRatio": 0.0588763997,
    "incomeTaxExpense": 673000000,
    "netIncome": 4895000000,
    "netIncomeRatio": 0.0517600533,
    "eps": 7.7,
    "epsdiluted": 7.61,
    "weightedAverageShsOut": 635714286,
    "weightedAverageShsOutDil": 643800000,
    "link": "https://www.sec.gov/Archives/edgar/data/12927/000001292717000012/0000012927-17-000012-index.htm",
    "finalLink": "https://www.sec.gov/Archives/edgar/data/12927/000001292717000012/a201612dec3110-ka.htm"
  },
  {
    "date": "2015-12-31",
    "symbol": "BA",
    "reportedCurrency": "USD",
    "cik": "0000012927",
    "fillingDate": "2016-02-10",
    "acceptedDate": "2016-02-10 10:57:34",
    "calendarYear": "2015",
    "period": "FY",
    "revenue": 96114000000,
    "costOfRevenue": 82088000000,
    "grossProfit": 14026000000,
    "grossProfitRatio": 0.1459308738,
    "researchAndDevelopmentExpenses": 3331000000,
    "generalAndAdministrativeExpenses": 3525000000,
    "sellingAndMarketingExpenses": 0,
    "sellingGeneralAndAdministrativeExpenses": 3525000000,
    "otherExpenses": -13000000,
    "operatingExpenses": 6856000000,
    "costAndExpenses": 88944000000,
    "interestIncome": 0,
    "interestExpense": 275000000,
    "depreciationAndAmortization": 1833000000,
    "ebitda": 9003000000,
    "ebitdaratio": 0.0936700169,
    "operatingIncome": 7443000000,
    "operatingIncomeRatio": 0.0774392908,
    "totalOtherIncomeExpensesNet": -288000000,
    "incomeBeforeTax": 7155000000,
    "incomeBeforeTaxRatio": 0.0744428491,
    "incomeTaxExpense": 1979000000,
    "netIncome": 5176000000,
    "netIncomeRatio": 0.0538527166,
    "eps": 7.52,
    "epsdiluted": 7.44,
    "weightedAverageShsOut": 688297872,
    "weightedAverageShsOutDil": 696100000,
    "link": "https://www.sec.gov/Archives/edgar/data/12927/000001292716000099/0000012927-16-000099-index.htm",
    "finalLink": "https://www.sec.gov/Archives/edgar/data/12927/000001292716000099/a201512dec3110k.htm"
  }
]