[
  {
    "date": "2024-12-31",
    "symbol": "BA",
    "reportedCurrency": "USD",
    "cik": "0000012927",
    "fillingDate": "2025-02-03",
    "acceptedDate": "2025-02-03 14:37:45",
    "calendarYear": "2024",
    "period": "Q4",
    "revenue": 15242000000,
    "costOfRevenue": 16831000000,
    "grossProfit": -1589000000,
    "grossProfitRatio": -0.1042514106,
    "researchAndDevelopmentExpenses": 836000000,
    "generalAndAdministrativeExpenses": 1398000000,
    "sellingAndMarketingExpenses": 0,
    "sellingGeneralAndAdministrativeExpenses": 1398000000,
    "otherExpenses": -53000000,
    "operatingExpenses": 2181000000,
    "costAndExpenses": 19012000000,
    "interestIncome": 0,
    "interestExpense": 755000000,
    "depreciationAndAmortization": 509000000,
    "ebitda": -2829000000,
    "ebitdaratio": -0.1856055636,
    "operatingIncome": -3770000000,
    "operatingIncomeRatio": -0.2473428684,
    "totalOtherIncomeExpensesNet": -323000000,
    "incomeBeforeTax": -4093000000,
    "incomeBeforeTaxRatio": -0.2685343131,
    "incomeTaxExpense": -232000000,
    "netIncome": -3865000000,
    "netIncomeRatio": -0.2535756462,
    "eps": -5.45,
    "epsdiluted": -5.45,
    "weightedAverageShsOut": 718100000,
    "weightedAverageShsOutDil": 718100000,
    "link": "https://www.sec.gov/Archives/edgar/data/12927/000001292725000015/0000012927-25-000015-index.htm",
    "finalLink": "https://www.sec.gov/Archives/edgar/data/12927/000001292725000015/ba-20241231.htm"
  },
  {
    "date": "2024-09-30",
    "symbol": "BA",
    "reportedCurrency": "USD",
    "cik": "0000012927",
    "fillingDate": "2024-10-23",
    "acceptedDate": "2024-10-23 12:43:27",
    "calendarYear": "2024",
    "period": "Q3",
    "revenue": 17840000000,
    "costOfRevenue": 21347000000,
    "grossProfit": -3507000000,
    "grossProfitRatio": -0.1965807175,
    "researchAndDevelopmentExpenses": 1154000000,
    "generalAndAdministrativeExpenses": 1085000000,
    "sellingAndMarketingExpenses": 0,
    "sellingGeneralAndAdministrativeExpenses": 1085000000,
    "otherExpenses": 15000000,
    "operatingExpenses": 2254000000,
    "costAndExpenses": 23601000000,
    "interestIncome": 0,
    "interestExpense": 728000000,
    "depreciationAndAmortization": 444000000,
    "ebitda": -5052000000,
    "ebitdaratio": -0.2831838565,
    "operatingIncome": -5761000000,
    "operatingIncomeRatio": -0.322926009,
    "totalOtherIncomeExpensesNet": -463000000,
    "incomeBeforeTax": -6224000000,
    "incomeBeforeTaxRatio": -0.3488789238,
    "incomeTaxExpense": -50000000,
    "netIncome": -6170000000,
    "netIncomeRatio": -0.3458520179,
    "eps": -9.97,
    "epsdiluted": -9.97,
    "weightedAverageShsOut": 618856570,
    "weightedAverageShsOutDil": 618856570,
    "link": "https://www.sec.gov/Archives/edgar/data/12927/000001292724000082/0000012927-24-000082-index.htm",
    "finalLink": "https://www.sec.gov/Archives/edgar/data/12927/000001292724000082/ba-20240930.htm"
  },
  {
    "date": "2024-06-30",
    "symbol": "BA",
    "reportedCurrency": "USD",
    "cik": "0000012927",
    "fillingDate": "2024-07-31",
    "acceptedDate": "2024-07-31 13:04:24",
    "calendarYear": "2024",
    "period": "Q2",
    "revenue": 16866000000,
    "costOfRevenue": 15637000000,
    "grossProfit": 1229000000,
    "grossProfitRatio": 0.0728684928,
    "researchAndDevelopmentExpenses": 954000000,
    "generalAndAdministrativeExpenses": 1377000000,
    "sellingAndMarketingExpenses": 0,
    "sellingGeneralAndAdministrativeExpenses": 1377000000,
    "otherExpenses": -12000000,
    "operatingExpenses": 2319000000,
    "costAndExpenses": 17956000000,
    "interestIncome": 0,
    "interestExpense": 673000000,
    "depreciationAndAmortization": 441000000,
    "ebitda": -401000000,
    "ebitdaratio": -0.0237756433,
    "operatingIncome": -1090000000,
    "operatingIncomeRatio": -0.0646270604,
    "totalOtherIncomeExpensesNet": -425000000,
    "incomeBeforeTax": -1515000000,
    "incomeBeforeTaxRatio": -0.0898256848,
    "incomeTaxExpense": -76000000,
    "netIncome": -1439000000,
    "netIncomeRatio": -0.0853195778,
    "eps": -2.33,
    "epsdiluted": -2.33,
    "weightedAverageShsOut": 616300000,
    "weightedAverageShsOutDil": 616300000,
    "link": "https://www.sec.gov/Archives/edgar/data/12927/000001292724000055/0000012927-24-000055-index.htm",
    "finalLink": "https://www.sec.gov/Archives/edgar/data/12927/000001292724000055/ba-20240630.htm"
  },
  {
    "date": "2024-03-31",
    "symbol": "BA",
    "reportedCurrency": "USD",
    "cik": "0000012927",
    "fillingDate": "2024-04-24",
    "acceptedDate": "2024-04-24 13:10:36",
    "calendarYear": "2024",
    "period": "Q1",
    "revenue": 16569000000,
    "costOfRevenue": 14693000000,
    "grossProfit": 1876000000,
    "grossProfitRatio": 0.1132234896,
    "researchAndDevelopmentExpenses": 868000000,
    "generalAndAdministrativeExpenses": 1161000000,
    "sellingAndMarketingExpenses": 0,
    "sellingGeneralAndAdministrativeExpenses": 1161000000,
    "otherExpenses": -67000000,
    "operatingExpenses": 1962000000,
    "costAndExpenses": 16655000000,
    "interestIncome": 0,
    "interestExpense": 569000000,
    "depreciationAndAmortization": 442000000,
    "ebitda": 633000000,
    "ebitdaratio": 0.0382038747,
    "operatingIncome": -86000000,
    "operatingIncomeRatio": -0.0051904158,
    "totalOtherIncomeExpensesNet": -292000000,
    "incomeBeforeTax": -378000000,
    "incomeBeforeTaxRatio": -0.0228136882,
    "incomeTaxExpense": -23000000,
    "netIncome": -343000000,
    "netIncomeRatio": -0.0207013097,
    "eps": -0.56,
    "epsdiluted": -0.56,
    "weightedAverageShsOut": 612900000,
    "weightedAverageShsOutDil": 612900000,
    "link": "https://www.sec.gov/Archives/edgar/data/12927/000001292724000025/0000012927-24-000025-index.htm",
    "finalLink": "https://www.sec.gov/Archives/edgar/data/12927/000001292724000025/ba-20240331.htm"
  },
  {
    "date": "2023-12-31",
    "symbol": "BA",
    "reportedCurrency": "USD",
    "cik": "0000012927",
    "fillingDate": "2024-01-31",
    "acceptedDate": "2024-01-31 12:45:19",
    "calendarYear": "2023",
    "period": "Q4",
    "revenue": 22018000000,
    "costOfRevenue": 19321000000,
    "grossProfit": 2697000000,
    "grossProfitRatio": 0.1224906894,
    "researchAndDevelopmentExpenses": 881000000,
    "generalAndAdministrativeExpenses": 1535000000,
    "sellingAndMarketingExpenses": 0,
    "sellingGeneralAndAdministrativeExpenses": 1535000000,
    "otherExpenses": 308000000,
    "operatingExpenses": 2416000000,
    "costAndExpenses": 21737000000,
    "interestIncome": 0,
    "interestExpense": 600000000,
    "depreciationAndAmortization": 481000000,
    "ebitda": 1051000000,
    "ebitdaratio": 0.0477336724,
    "operatingIncome": 283000000,
    "operatingIncomeRatio": 0.0128531202,
    "totalOtherIncomeExpensesNet": -292000000,
    "incomeBeforeTax": -9000000,
    "incomeBeforeTaxRatio": -0.0004087565,
    "incomeTaxExpense": 21000000,
    "netIncome": -23000000,
    "netIncomeRatio": -0.0010445999,
    "eps": -0.04,
    "epsdiluted": -0.0377,
    "weightedAverageShsOut": 575000000,
    "weightedAverageShsOutDil": 609500000,
    "link": "https://www.sec.gov/Archives/edgar/data/12927/000001292724000010/0000012927-24-000010-index.htm",
    "finalLink": "https://www.sec.gov/Archives/edgar/data/12927/000001292724000010/ba-20231231.htm"
  },
  {
    "date": "2023-09-30",
    "symbol": "BA",
    "reportedCurrency": "USD",
    "cik": "0000012927",
    "fillingDate": "2023-10-25",
    "acceptedDate": "2023-10-25 12:55:02",
    "calendarYear": "2023",
    "period": "Q3",
    "revenue": 18104000000,
    "costOfRevenue": 16939000000,
    "grossProfit": 1165000000,
    "grossProfitRatio": 0.0643504198,
    "researchAndDevelopmentExpenses": 958000000,
    "generalAndAdministrativeExpenses": 1043000000,
    "sellingAndMarketingExpenses": 0,
    "sellingGeneralAndAdministrativeExpenses": 1043000000,
    "otherExpenses": 297000000,
    "operatingExpenses": 2001000000,
    "costAndExpenses": 18940000000,
    "interestIncome": 0,
    "interestExpense": 589000000,
    "depreciationAndAmortization": 467000000,
    "ebitda": -44000000,
    "ebitdaratio": -0.0024304021,
    "operatingIncome": -808000000,
    "operatingIncomeRatio": -0.0446310208,
    "totalOtherIncomeExpensesNet": -292000000,
    "incomeBeforeTax": -1100000000,
    "incomeBeforeTaxRatio": -0.060760053,
    "incomeTaxExpense": 538000000,
    "netIncome": -1636000000,
    "netIncomeRatio": -0.0903667698,
    "eps": -2.7,
    "epsdiluted": -2.69,
    "weightedAverageShsOut": 605925926,
    "weightedAverageShsOutDil": 607200000,
    "link": "https://www.sec.gov/Archives/edgar/data/12927/000001292723000062/0000012927-23-000062-index.htm",
    "finalLink": "https://www.sec.gov/Archives/edgar/data/12927/000001292723000062/ba-20230930.htm"
  },
  {
    "date": "2023-06-30",
    "symbol": "BA",
    "reportedCurrency": "USD",
    "cik": "0000012927",
    "fillingDate": "2023-07-26",
    "acceptedDate": "2023-07-26 13:23:50",
    "calendarYear": "2023",
    "period": "Q2",
    "revenue": 19751000000,
    "costOfRevenue": 17812000000,
    "grossProfit": 1939000000,
    "grossProfitRatio": 0.0981722444,
    "researchAndDevelopmentExpenses": 797000000,
    "generalAndAdministrativeExpenses": 1286000000,
    "sellingAndMarketingExpenses": 0,
    "sellingGeneralAndAdministrativeExpenses": 1286000000,
    "otherExpenses": 320000000,
    "operatingExpenses": 2083000000,
    "costAndExpenses": 19895000000,
    "interestIncome": 0,
    "interestExpense": 621000000,
    "depreciationAndAmortization": 456000000,
    "ebitda": 460000000,
    "ebitdaratio": 0.02328996,
    "operatingIncome": -99000000,
    "operatingIncomeRatio": -0.0050124044,
    "totalOtherIncomeExpensesNet": -301000000,
    "incomeBeforeTax": -400000000,
    "incomeBeforeTaxRatio": -0.0202521391,
    "incomeTaxExpense": -251000000,
    "netIncome": -149000000,
    "netIncomeRatio": -0.0075439218,
    "eps": -0.25,
    "epsdiluted": -0.25,
    "weightedAverageShsOut": 605500000,
    "weightedAverageShsOutDil": 605500000,
    "link": "https://www.sec.gov/Archives/edgar/data/12927/000001292723000048/0000012927-23-000048-index.htm",
    "finalLink": "https://www.sec.gov/Archives/edgar/data/12927/000001292723000048/ba-20230630.htm"
  },
  {
    "date": "2023-03-31",
    "symbol": "BA",
    "reportedCurrency": "USD",
    "cik": "0000012927",
    "fillingDate": "2023-04-26",
    "acceptedDate": "2023-04-26 13:03:42",
    "calendarYear": "2023",
    "period": "Q1",
    "revenue": 17921000000,
    "costOfRevenue": 15998000000,
    "grossProfit": 1923000000,
    "grossProfitRatio": 0.1073042799,
    "researchAndDevelopmentExpenses": 741000000,
    "generalAndAdministrativeExpenses": 1304000000,
    "sellingAndMarketingExpenses": 0,
    "sellingGeneralAndAdministrativeExpenses": 1304000000,
    "otherExpenses": 27000000,
    "operatingExpenses": 2072000000,
    "costAndExpenses": 18070000000,
    "interestIncome": 0,
    "interestExpense": 649000000,
    "depreciationAndAmortization": 457000000,
    "ebitda": 610000000,
    "ebitdaratio": 0.0340382791,
    "operatingIncome": -149000000,
    "operatingIncomeRatio": -0.0083142682,
    "totalOtherIncomeExpensesNet": -347000000,
    "incomeBeforeTax": -496000000,
    "incomeBeforeTaxRatio": -0.027677027,
    "incomeTaxExpense": -71000000,
    "netIncome": -414000000,
    "netIncomeRatio": -0.0231013894,
    "eps": -0.69,
    "epsdiluted": -0.69,
    "weightedAverageShsOut": 600000000,
    "weightedAverageShsOutDil": 602500000,
    "link": "https://www.sec.gov/Archives/edgar/data/12927/000001292723000029/0000012927-23-000029-index.htm",
    "finalLink": "https://www.sec.gov/Archives/edgar/data/12927/000001292723000029/ba-20230331.htm"
  },
  {
    "date": "2022-12-31",
    "symbol": "BA",
    "reportedCurrency": "USD",
    "cik": "0000012927",
    "fillingDate": "2023-01-27",
    "acceptedDate": "2023-01-27 14:26:33",
    "calendarYear": "2022",
    "period": "Q4",
    "revenue": 19980000000,
    "costOfRevenue": 18124000000,
    "grossProfit": 1856000000,
    "grossProfitRatio": 0.0928928929,
    "researchAndDevelopmentExpenses": 794000000,
    "generalAndAdministrativeExpenses": 1430000000,
    "sellingAndMarketingExpenses": 0,
    "sellingGeneralAndAdministrativeExpenses": 1430000000,
    "otherExpenses": 336000000,
    "operatingExpenses": 2224000000,
    "costAndExpenses": 20348000000,
    "interestIncome": 0,
    "interestExpense": 632000000,
    "depreciationAndAmortization": 502000000,
    "ebitda": 485000000,
    "ebitdaratio": 0.0242742743,
    "operatingIncome": -353000000,
    "operatingIncomeRatio": -0.0176676677,
    "totalOtherIncomeExpensesNet": -296000000,
    "incomeBeforeTax": -649000000,
    "incomeBeforeTaxRatio": -0.0324824825,
    "incomeTaxExpense": 14000000,
    "netIncome": -545000000,
    "netIncomeRatio": -0.0272772773,
    "eps": -0.91,
    "epsdiluted": -0.91,
    "weightedAverageShsOut": 598113208,
    "weightedAverageShsOutDil": 598900000,
    "link": "https://www.sec.gov/Archives/edgar/data/12927/000001292723000007/0000012927-23-000007-index.htm",
    "finalLink": "https://www.sec.gov/Archives/edgar/data/12927/000001292723000007/ba-20221231.htm"
  },
  {
    "date": "2022-09-30",
    "symbol": "BA",
    "reportedCurrency": "USD",
    "cik": "0000012927",
    "fillingDate": "2022-10-26",
    "acceptedDate": "2022-10-26 12:59:26",
    "calendarYear": "2022",
    "period": "Q3",
    "revenue": 15956000000,
    "costOfRevenue": 16778000000,
    "grossProfit": -822000000,
    "grossProfitRatio": -0.0515166708,
    "researchAndDevelopmentExpenses": 727000000,
    "generalAndAdministrativeExpenses": 1226000000,
    "sellingAndMarketingExpenses": 0,
    "sellingGeneralAndAdministrativeExpenses": 1226000000,
    "otherExpenses": 288000000,
    "operatingExpenses": 1953000000,
    "costAndExpenses": 18731000000,
    "interestIncome": 0,
    "interestExpense": 621000000,
    "depreciationAndAmortization": 493000000,
    "ebitda": -2018000000,
    "ebitdaratio": -0.1264728002,
    "operatingIncome": -2799000000,
    "operatingIncomeRatio": -0.1754199047,
    "totalOtherIncomeExpensesNet": -340000000,
    "incomeBeforeTax": -3132000000,
    "incomeBeforeTaxRatio": -0.1962897969,
    "incomeTaxExpense": 176000000,
    "netIncome": -3308000000,
    "netIncomeRatio": -0.2073201304,
    "eps": -5.55,
    "epsdiluted": -5.55,
    "weightedAverageShsOut": 596300000,
    "weightedAverageShsOutDil": 596300000,
    "link": "https://www.sec.gov/Archives/edgar/data/12927/000001292722000073/0000012927-22-000073-index.htm",
    "finalLink": "https://www.sec.gov/Archives/edgar/data/12927/000001292722000073/ba-20220930.htm"
  },
  {
    "date": "2022-06-30",
    "symbol": "BA",
    "reportedCurrency": "USD",
    "cik": "0000012927",
    "fillingDate": "2022-07-27",
    "acceptedDate": "2022-07-27 12:10:45",
    "calendarYear": "2022",
    "period": "Q2",
    "revenue": 16681000000,
    "costOfRevenue": 14559000000,
    "grossProfit": 2122000000,
    "grossProfitRatio": 0.1272105989,
    "researchAndDevelopmentExpenses": 698000000,
    "generalAndAdministrativeExpenses": 668000000,
    "sellingAndMarketingExpenses": 0,
    "sellingGeneralAndAdministrativeExpenses": 668000000,
    "otherExpenses": 253000000,
    "operatingExpenses": 1366000000,
    "costAndExpenses": 15925000000,
    "interestIncome": 0,
    "interestExpense": 650000000,
    "depreciationAndAmortization": 498000000,
    "ebitda": 1880000000,
    "ebitdaratio": 0.1127030754,
    "operatingIncome": 774000000,
    "operatingIncomeRatio": 0.0464000959,
    "totalOtherIncomeExpensesNet": -403000000,
    "incomeBeforeTax": 377000000,
    "incomeBeforeTaxRatio": 0.0226005635,
    "incomeTaxExpense": 217000000,
    "netIncome": 160000000,
    "netIncomeRatio": 0.0095917511,
    "eps": 0.32,
    "epsdiluted": 0.32,
    "weightedAverageShsOut": 596100000,
    "weightedAverageShsOutDil": 596100000,
    "link": "https://www.sec.gov/Archives/edgar/data/12927/000001292722000058/0000012927-22-000058-index.htm",
    "finalLink": "https://www.sec.gov/Archives/edgar/data/12927/000001292722000058/ba-20220630.htm"
  },
  {
    "date": "2022-03-31",
    "symbol": "BA",
    "reportedCurrency": "USD",
    "cik": "0000012927",
    "fillingDate": "2022-04-27",
    "acceptedDate": "2022-04-27 12:35:48",
    "calendarYear": "2022",
    "period": "Q1",
    "revenue": 13991000000,
    "costOfRevenue": 13645000000,
    "grossProfit": 346000000,
    "grossProfitRatio": 0.0247301837,
    "researchAndDevelopmentExpenses": 633000000,
    "generalAndAdministrativeExpenses": 863000000,
    "sellingAndMarketingExpenses": 0,
    "sellingGeneralAndAdministrativeExpenses": 863000000,
    "otherExpenses": 181000000,
    "operatingExpenses": 1496000000,
    "costAndExpenses": 15141000000,
    "interestIncome": 0,
    "interestExpense": 630000000,
    "depreciationAndAmortization": 486000000,
    "ebitda": -502000000,
    "ebitdaratio": -0.0358802087,
    "operatingIncome": -1169000000,
    "operatingIncomeRatio": -0.0835537131,
    "totalOtherIncomeExpensesNet": -456000000,
    "incomeBeforeTax": -1618000000,
    "incomeBeforeTaxRatio": -0.1156457723,
    "incomeTaxExpense": -376000000,
    "netIncome": -1242000000,
    "netIncomeRatio": -0.088771353,
    "eps": -2.06,
    "epsdiluted": -2.06,
    "weightedAverageShsOut": 591400000,
    "weightedAverageShsOutDil": 591400000,
    "link": "https://www.sec.gov/Archives/edgar/data/12927/000001292722000022/0000012927-22-000022-index.htm",
    "finalLink": "https://www.sec.gov/Archives/edgar/data/12927/000001292722000022/ba-20220331.htm"
  },
  {
    "date": "2021-12-31",
    "symbol": "BA",
    "reportedCurrency": "USD",
    "cik": "0000012927",
    "fillingDate": "2022-01-31",
    "acceptedDate": "2022-01-31 10:33:32",
    "calendarYear": "2021",
    "period": "Q4",
    "revenue": 14793000000,
    "costOfRevenue": 17307000000,
    "grossProfit": -2514000000,
    "grossProfitRatio": -0.1699452444,
    "researchAndDevelopmentExpenses": 678000000,
    "generalAndAdministrativeExpenses": 988000000,
    "sellingAndMarketingExpenses": 0,
    "sellingGeneralAndAdministrativeExpenses": 988000000,
    "otherExpenses": 132000000,
    "operatingExpenses": 1666000000,
    "costAndExpenses": 18973000000,
    "interestIncome": 0,
    "interestExpense": 661000000,
    "depreciationAndAmortization": 534000000,
    "ebitda": -3505000000,
    "ebitdaratio": -0.2369363888,
    "operatingIncome": -4171000000,
    "operatingIncomeRatio": -0.2819576827,
    "totalOtherIncomeExpensesNet": -529000000,
    "incomeBeforeTax": -4700000000,
    "incomeBeforeTaxRatio": -0.3177178395,
    "incomeTaxExpense": -536000000,
    "netIncome": -4164000000,
    "netIncomeRatio": -0.2814844859,
    "eps": -7.02,
    "epsdiluted": -7.02,
    "weightedAverageShsOut": 590170940,
    "weightedAverageShsOutDil": 590300000,
    "link": "https://www.sec.gov/Archives/edgar/data/12927/000001292722000010/0000012927-22-000010-index.htm",
    "finalLink": "https://www.sec.gov/Archives/edgar/data/12927/000001292722000010/ba-20211231.htm"
  },
  {
    "date": "2021-09-30",
    "symbol": "BA",
    "reportedCurrency": "USD",
    "cik": "0000012927",
    "fillingDate": "2021-10-27",
    "acceptedDate": "2021-10-27 13:33:36",
    "calendarYear": "2021",
    "period": "Q3",
    "revenue": 15278000000,
    "costOfRevenue": 13566000000,
    "grossProfit": 1712000000,
    "grossProfitRatio": 0.1120565519,
    "researchAndDevelopmentExpenses": 575000000,
    "generalAndAdministrativeExpenses": 1097000000,
    "sellingAndMarketingExpenses": 0,
    "sellingGeneralAndAdministrativeExpenses": 1097000000,
    "otherExpenses": 30000000,
    "operatingExpenses": 1672000000,
    "costAndExpenses": 15238000000,
    "interestIncome": 0,
    "interestExpense": 669000000,
    "depreciationAndAmortization": 523000000,
    "ebitda": 1199000000,
    "ebitdaratio": 0.0784788585,
    "operatingIncome": 329000000,
    "operatingIncomeRatio": 0.0215342322,
    "totalOtherIncomeExpensesNet": -639000000,
    "incomeBeforeTax": -310000000,
    "incomeBeforeTaxRatio": -0.020290614,
    "incomeTaxExpense": -178000000,
    "netIncome": -132000000,
    "netIncomeRatio": -0.0086398743,
    "eps": -0.19,
    "epsdiluted": -0.19,
    "weightedAverageShsOut": 588600000,
    "weightedAverageShsOutDil": 588600000,
    "link": "https://www.sec.gov/Archives/edgar/data/12927/000001292721000094/0000012927-21-000094-index.htm",
    "finalLink": "https://www.sec.gov/Archives/edgar/data/12927/000001292721000094/ba-20210930.htm"
  },
  {
    "date": "2021-06-30",
    "symbol": "BA",
    "reportedCurrency": "USD",
    "cik": "0000012927",
    "fillingDate": "2021-07-28",
    "acceptedDate": "2021-07-28 13:03:50",
    "calendarYear": "2021",
    "period": "Q2",
    "revenue": 16998000000,
    "costOfRevenue": 14588000000,
    "grossProfit": 2410000000,
    "grossProfitRatio": 0.141781386,
    "researchAndDevelopmentExpenses": 497000000,
    "generalAndAdministrativeExpenses": 1040000000,
    "sellingAndMarketingExpenses": 0,
    "sellingGeneralAndAdministrativeExpenses": 1040000000,
    "otherExpenses": 199000000,
    "operatingExpenses": 1537000000,
    "costAndExpenses": 16125000000,
    "interestIncome": 0,
    "interestExpense": 673000000,
    "depreciationAndAmortization": 551000000,
    "ebitda": 2119000000,
    "ebitdaratio": 0.1246617249,
    "operatingIncome": 1023000000,
    "operatingIncomeRatio": 0.060183551,
    "totalOtherIncomeExpensesNet": -474000000,
    "incomeBeforeTax": 549000000,
    "incomeBeforeTaxRatio": 0.0322979174,
    "incomeTaxExpense": -18000000,
    "netIncome": 567000000,
    "netIncomeRatio": 0.0333568655,
    "eps": 1,
    "epsdiluted": 1,
    "weightedAverageShsOut": 590200000,
    "weightedAverageShsOutDil": 590200000,
    "link": "https://www.sec.gov/Archives/edgar/data/12927/000001292721000073/0000012927-21-000073-index.htm",
    "finalLink": "https://www.sec.gov/Archives/edgar/data/12927/000001292721000073/ba-20210630.htm"
  },
  {
    "date": "2021-03-31",
    "symbol": "BA",
    "reportedCurrency": "USD",
    "cik": "0000012927",
    "fillingDate": "2021-04-28",
    "acceptedDate": "2021-04-28 12:51:04",
    "calendarYear": "2021",
    "period": "Q1",
    "revenue": 15217000000,
    "costOfRevenue": 13808000000,
    "grossProfit": 1409000000,
    "grossProfitRatio": 0.0925938096,
    "researchAndDevelopmentExpenses": 499000000,
    "generalAndAdministrativeExpenses": 1032000000,
    "sellingAndMarketingExpenses": 0,
    "sellingGeneralAndAdministrativeExpenses": 1032000000,
    "otherExpenses": 190000000,
    "operatingExpenses": 1531000000,
    "costAndExpenses": 15339000000,
    "interestIncome": 0,
    "interestExpense": 679000000,
    "depreciationAndAmortization": 536000000,
    "ebitda": 1164000000,
    "ebitdaratio": 0.0764933955,
    "operatingIncome": -83000000,
    "operatingIncomeRatio": -0.005454426,
    "totalOtherIncomeExpensesNet": -489000000,
    "incomeBeforeTax": -572000000,
    "incomeBeforeTaxRatio": -0.037589538,
    "incomeTaxExpense": -11000000,
    "netIncome": -561000000,
    "netIncomeRatio": -0.0368666623,
    "eps": -0.92,
    "epsdiluted": -0.92,
    "weightedAverageShsOut": 585000000,
    "weightedAverageShsOutDil": 585000000,
    "link": "https://www.sec.gov/Archives/edgar/data/12927/000001292721000040/0000012927-21-000040-index.htm",
    "finalLink": "https://www.sec.gov/Archives/edgar/data/12927/000001292721000040/ba-20210331.htm"
  },
  {
    "date": "2020-12-31",
    "symbol": "BA",
    "reportedCurrency": "USD",
    "cik": "0000012927",
    "fillingDate": "2021-02-01",
    "acceptedDate": "2021-02-01 14:20:17",
    "calendarYear": "2020",
    "period": "Q4",
    "revenue": 15304000000,
    "costOfRevenue": 20992000000,
    "grossProfit": -5688000000,
    "grossProfitRatio": -0.3716675379,
    "researchAndDevelopmentExpenses": 605000000,
    "generalAndAdministrativeExpenses": 1828000000,
    "sellingAndMarketingExpenses": 0,
    "sellingGeneralAndAdministrativeExpenses": 1828000000,
    "otherExpenses": 122000000,
    "operatingExpenses": 2433000000,
    "costAndExpenses": 23425000000,
    "interestIncome": 0,
    "interestExpense": 698000000,
    "depreciationAndAmortization": 578000000,
    "ebitda": -7349000000,
    "ebitdaratio": -0.4802012546,
    "operatingIncome": -8049000000,
    "operatingIncomeRatio": -0.5259409305,
    "totalOtherIncomeExpensesNet": -576000000,
    "incomeBeforeTax": -8625000000,
    "incomeBeforeTaxRatio": -0.5635781495,
    "incomeTaxExpense": -186000000,
    "netIncome": -8439000000,
    "netIncomeRatio": -0.5514244642,
    "eps": -14.65,
    "epsdiluted": -14.65,
    "weightedAverageShsOut": 574744027,
    "weightedAverageShsOutDil": 575400000,
    "link": "https://www.sec.gov/Archives/edgar/data/12927/000001292721000011/0000012927-21-000011-index.htm",
    "finalLink": "https://www.sec.gov/Archives/edgar/data/12927/000001292721000011/ba-20201231.htm"
  },
  {
    "date": "2020-09-30",
    "symbol": "BA",
    "reportedCurrency": "USD",
    "cik": "0000012927",
    "fillingDate": "2020-10-28",
    "acceptedDate": "2020-10-28 12:41:12",
    "calendarYear": "2020",
    "period": "Q3",
    "revenue": 14139000000,
    "costOfRevenue": 13105000000,
    "grossProfit": 1034000000,
    "grossProfitRatio": 0.0731310559,
    "researchAndDevelopmentExpenses": 574000000,
    "generalAndAdministrativeExpenses": 955000000,
    "sellingAndMarketingExpenses": 0,
    "sellingGeneralAndAdministrativeExpenses": 955000000,
    "otherExpenses": 119000000,
    "operatingExpenses": 1529000000,
    "costAndExpenses": 14634000000,
    "interestIncome": 0,
    "interestExpense": 643000000,
    "depreciationAndAmortization": 565000000,
    "ebitda": 283000000,
    "ebitdaratio": 0.0200155598,
    "operatingIncome": -401000000,
    "operatingIncomeRatio": -0.0283612702,
    "totalOtherIncomeExpensesNet": -524000000,
    "incomeBeforeTax": -925000000,
    "incomeBeforeTaxRatio": -0.0654218827,
    "incomeTaxExpense": -459000000,
    "netIncome": -466000000,
    "netIncomeRatio": -0.0329584836,
    "eps": -0.79,
    "epsdiluted": -0.79,
    "weightedAverageShsOut": 568354430,
    "weightedAverageShsOutDil": 568354430,
    "link": "https://www.sec.gov/Archives/edgar/data/12927/000001292720000076/0000012927-20-000076-index.htm",
    "finalLink": "https://www.sec.gov/Archives/edgar/data/12927/000001292720000076/ba-20200930.htm"
  },
  {
    "date": "2020-06-30",
    "symbol": "BA",
    "reportedCurrency": "USD",
    "cik": "0000012927",
    "fillingDate": "2020-07-29",
    "acceptedDate": "2020-07-29 13:56:40",
    "calendarYear": "2020",
    "period": "Q2",
    "revenue": 11807000000,
    "costOfRevenue": 12978000000,
    "grossProfit": -1171000000,
    "grossProfitRatio": -0.0991784535,
    "researchAndDevelopmentExpenses": 625000000,
    "generalAndAdministrativeExpenses": 1161000000,
    "sellingAndMarketingExpenses": 0,
    "sellingGeneralAndAdministrativeExpenses": 1161000000,
    "otherExpenses": 94000000,
    "operatingExpenses": 1786000000,
    "costAndExpenses": 14764000000,
    "interestIncome": 0,
    "interestExpense": 553000000,
    "depreciationAndAmortization": 547000000,
    "ebitda": -2323000000,
    "ebitdaratio": -0.196747692,
    "operatingIncome": -2964000000,
    "operatingIncomeRatio": -0.2510375201,
    "totalOtherIncomeExpensesNet": -459000000,
    "incomeBeforeTax": -3423000000,
    "incomeBeforeTaxRatio": -0.2899127636,
    "incomeTaxExpense": -1028000000,
    "netIncome": -2395000000,
    "netIncomeRatio": -0.2028457695,
    "eps": -4.2,
    "epsdiluted": -4.2,
    "weightedAverageShsOut": 565900000,
    "weightedAverageShsOutDil": 566400000,
    "link": "https://www.sec.gov/Archives/edgar/data/12927/000001292720000065/0000012927-20-000065-index.htm",
    "finalLink": "https://www.sec.gov/Archives/edgar/data/12927/000001292720000065/a202006jun3010-q.htm"
  },
  {
    "date": "2020-03-31",
    "symbol": "BA",
    "reportedCurrency": "USD",
    "cik": "0000012927",
    "fillingDate": "2020-04-29",
    "acceptedDate": "2020-04-29 12:54:55",
    "calendarYear": "2020",
    "period": "Q1",
    "revenue": 16908000000,
    "costOfRevenue": 16768000000,
    "grossProfit": 140000000,
    "grossProfitRatio": 0.0082801041,
    "researchAndDevelopmentExpenses": 672000000,
    "generalAndAdministrativeExpenses": 873000000,
    "sellingAndMarketingExpenses": 0,
    "sellingGeneralAndAdministrativeExpenses": 873000000,
    "otherExpenses": 112000000,
    "operatingExpenses": 1545000000,
    "costAndExpenses": 18313000000,
    "interestIncome": 0,
    "interestExpense": 262000000,
    "depreciationAndAmortization": 556000000,
    "ebitda": -685000000,
    "ebitdaratio": -0.0405133665,
    "operatingIncome": -1353000000,
    "operatingIncomeRatio": -0.0800212917,
    "totalOtherIncomeExpensesNet": -150000000,
    "incomeBeforeTax": -1503000000,
    "incomeBeforeTaxRatio": -0.0888928318,
    "incomeTaxExpense": -862000000,
    "netIncome": -641000000,
    "netIncomeRatio": -0.037911048,
    "eps": -1.11,
    "epsdiluted": -1.11,
    "weightedAverageShsOut": 565400000,
    "weightedAverageShsOutDil": 565400000,
    "link": "https://www.sec.gov/Archives/edgar/data/12927/000001292720000045/0000012927-20-000045-index.htm",
    "finalLink": "https://www.sec.gov/Archives/edgar/data/12927/000001292720000045/a202003mar3110-q.htm"
  }
]