[
  {
    "date": "2024-12-31",
    "symbol": "BLK",
    "reportedCurrency": "USD",
    "cik": "0002012383",
    "fillingDate": "2025-02-25",
    "acceptedDate": "2025-02-25 15:59:36",
    "calendarYear": "2024",
    "period": "FY",
    "revenue": 20407000000,
    "costOfRevenue": 10321000000,
    "grossProfit": 10086000000,
    "grossProfitRatio": 0.4942421718,
    "researchAndDevelopmentExpenses": 0,
    "generalAndAdministrativeExpenses": 1853000000,
    "sellingAndMarketingExpenses": 314000000,
    "sellingGeneralAndAdministrativeExpenses": 2167000000,
    "otherExpenses": 0,
    "operatingExpenses": 2512000000,
    "costAndExpenses": 12833000000,
    "interestIncome": 767000000,
    "interestExpense": 538000000,
    "depreciationAndAmortization": 438666557,
    "ebitda": 8116666557,
    "ebitdaratio": 0.3977393324,
    "operatingIncome": 7574000000,
    "operatingIncomeRatio": 0.3711471554,
    "totalOtherIncomeExpensesNet": 721000000,
    "incomeBeforeTax": 8295000000,
    "incomeBeforeTaxRatio": 0.4064781693,
    "incomeTaxExpense": 1783000000,
    "netIncome": 6369000000,
    "netIncomeRatio": 0.3120987896,
    "eps": 42.46,
    "epsdiluted": 42.01,
    "weightedAverageShsOut": 150000000,
    "weightedAverageShsOutDil": 151600000,
    "link": "https://www.sec.gov/Archives/edgar/data/2012383/000095017025026584/0000950170-25-026584-index.htm",
    "finalLink": "https://www.sec.gov/Archives/edgar/data/2012383/000095017025026584/blk-20241231.htm"
  },
  {
    "date": "2023-12-31",
    "symbol": "BLK",
    "reportedCurrency": "USD",
    "cik": "0001364742",
    "fillingDate": "2024-02-23",
    "acceptedDate": "2024-02-23 14:28:07",
    "calendarYear": "2023",
    "period": "FY",
    "revenue": 17859000000,
    "costOfRevenue": 9512000000,
    "grossProfit": 8347000000,
    "grossProfitRatio": 0.4673833921,
    "researchAndDevelopmentExpenses": 0,
    "generalAndAdministrativeExpenses": 1519000000,
    "sellingAndMarketingExpenses": 344000000,
    "sellingGeneralAndAdministrativeExpenses": 1863000000,
    "otherExpenses": 0,
    "operatingExpenses": 2072000000,
    "costAndExpenses": 11584000000,
    "interestIncome": 473000000,
    "interestExpense": 292000000,
    "depreciationAndAmortization": 427000000,
    "ebitda": 7874000000,
    "ebitdaratio": 0.4408981466,
    "operatingIncome": 6275000000,
    "operatingIncomeRatio": 0.3513634582,
    "totalOtherIncomeExpensesNet": 880000000,
    "incomeBeforeTax": 7155000000,
    "incomeBeforeTaxRatio": 0.4006383336,
    "incomeTaxExpense": 1479000000,
    "netIncome": 5502000000,
    "netIncomeRatio": 0.3080799597,
    "eps": 36.85,
    "epsdiluted": 36.51,
    "weightedAverageShsOut": 149300000,
    "weightedAverageShsOutDil": 150706451,
    "link": "https://www.sec.gov/Archives/edgar/data/1364742/000095017024019271/0000950170-24-019271-index.htm",
    "finalLink": "https://www.sec.gov/Archives/edgar/data/1364742/000095017024019271/blk-20231231.htm"
  },
  {
    "date": "2022-12-31",
    "symbol": "BLK",
    "reportedCurrency": "USD",
    "cik": "0001364742",
    "fillingDate": "2023-02-24",
    "acceptedDate": "2023-02-24 14:35:17",
    "calendarYear": "2022",
    "period": "FY",
    "revenue": 17873000000,
    "costOfRevenue": 9086000000,
    "grossProfit": 8787000000,
    "grossProfitRatio": 0.4916354277,
    "researchAndDevelopmentExpenses": 600000000,
    "generalAndAdministrativeExpenses": 1816000000,
    "sellingAndMarketingExpenses": 331000000,
    "sellingGeneralAndAdministrativeExpenses": 2147000000,
    "otherExpenses": 151000000,
    "operatingExpenses": 2298000000,
    "costAndExpenses": 11384000000,
    "interestIncome": 152000000,
    "interestExpense": 212000000,
    "depreciationAndAmortization": 11162000000,
    "ebitda": 6897000000,
    "ebitdaratio": 0.3858893303,
    "operatingIncome": 6385000000,
    "operatingIncomeRatio": 0.3572427684,
    "totalOtherIncomeExpensesNet": -95000000,
    "incomeBeforeTax": 6290000000,
    "incomeBeforeTaxRatio": 0.3519274884,
    "incomeTaxExpense": 1296000000,
    "netIncome": 5178000000,
    "netIncomeRatio": 0.2897107369,
    "eps": 34.31,
    "epsdiluted": 33.97,
    "weightedAverageShsOut": 150921161,
    "weightedAverageShsOutDil": 152440471,
    "link": "https://www.sec.gov/Archives/edgar/data/1364742/000095017023004343/0000950170-23-004343-index.htm",
    "finalLink": "https://www.sec.gov/Archives/edgar/data/1364742/000095017023004343/blk-20221231.htm"
  },
  {
    "date": "2021-12-31",
    "symbol": "BLK",
    "reportedCurrency": "USD",
    "cik": "0001364742",
    "fillingDate": "2022-02-25",
    "acceptedDate": "2022-02-25 15:15:26",
    "calendarYear": "2021",
    "period": "FY",
    "revenue": 19374000000,
    "costOfRevenue": 9556000000,
    "grossProfit": 9818000000,
    "grossProfitRatio": 0.5067616393,
    "researchAndDevelopmentExpenses": 508000000,
    "generalAndAdministrativeExpenses": 1945000000,
    "sellingAndMarketingExpenses": 238000000,
    "sellingGeneralAndAdministrativeExpenses": 2183000000,
    "otherExpenses": 147000000,
    "operatingExpenses": 2330000000,
    "costAndExpenses": 11886000000,
    "interestIncome": 87000000,
    "interestExpense": 205000000,
    "depreciationAndAmortization": 11857000000,
    "ebitda": 7899000000,
    "ebitdaratio": 0.4077113657,
    "operatingIncome": 7450000000,
    "operatingIncomeRatio": 0.3845359761,
    "totalOtherIncomeExpensesNet": 723000000,
    "incomeBeforeTax": 8173000000,
    "incomeBeforeTaxRatio": 0.4218540312,
    "incomeTaxExpense": 1968000000,
    "netIncome": 5901000000,
    "netIncomeRatio": 0.3045834624,
    "eps": 38.76,
    "epsdiluted": 38.22,
    "weightedAverageShsOut": 152236047,
    "weightedAverageShsOutDil": 154404357,
    "link": "https://www.sec.gov/Archives/edgar/data/1364742/000156459022007117/0001564590-22-007117-index.htm",
    "finalLink": "https://www.sec.gov/Archives/edgar/data/1364742/000156459022007117/blk-10k_20211231.htm"
  },
  {
    "date": "2020-12-31",
    "symbol": "BLK",
    "reportedCurrency": "USD",
    "cik": "0001364742",
    "fillingDate": "2021-02-25",
    "acceptedDate": "2021-02-25 15:55:29",
    "calendarYear": "2020",
    "period": "FY",
    "revenue": 16205000000,
    "costOfRevenue": 7939000000,
    "grossProfit": 8266000000,
    "grossProfitRatio": 0.5100894786,
    "researchAndDevelopmentExpenses": 0.385305929600756,
    "generalAndAdministrativeExpenses": 1618000000,
    "sellingAndMarketingExpenses": 229000000,
    "sellingGeneralAndAdministrativeExpenses": 1847000000,
    "otherExpenses": 106000000,
    "operatingExpenses": 1953000000,
    "costAndExpenses": 9892000000,
    "interestIncome": 62000000,
    "interestExpense": 205000000,
    "depreciationAndAmortization": 10224000000,
    "ebitda": 6076000000,
    "ebitdaratio": 0.3749460043,
    "operatingIncome": 5695000000,
    "operatingIncomeRatio": 0.3514347424,
    "totalOtherIncomeExpensesNet": 829000000,
    "incomeBeforeTax": 6524000000,
    "incomeBeforeTaxRatio": 0.4025917927,
    "incomeTaxExpense": 1238000000,
    "netIncome": 4932000000,
    "netIncomeRatio": 0.3043505091,
    "eps": 32.13,
    "epsdiluted": 31.85,
    "weightedAverageShsOut": 153489422,
    "weightedAverageShsOutDil": 154840582,
    "link": "https://www.sec.gov/Archives/edgar/data/1364742/000156459021008796/0001564590-21-008796-index.htm",
    "finalLink": "https://www.sec.gov/Archives/edgar/data/1364742/000156459021008796/blk-10k_20201231.htm"
  },
  {
    "date": "2019-12-31",
    "symbol": "BLK",
    "reportedCurrency": "USD",
    "cik": "0001364742",
    "fillingDate": "2020-02-28",
    "acceptedDate": "2020-02-28 16:30:05",
    "calendarYear": "2019",
    "period": "FY",
    "revenue": 14539000000,
    "costOfRevenue": 7133000000,
    "grossProfit": 7406000000,
    "grossProfitRatio": 0.5093885412,
    "researchAndDevelopmentExpenses": 0.3888851555675022,
    "generalAndAdministrativeExpenses": 1324000000,
    "sellingAndMarketingExpenses": 350000000,
    "sellingGeneralAndAdministrativeExpenses": 1674000000,
    "otherExpenses": 97000000,
    "operatingExpenses": 1771000000,
    "costAndExpenses": 8904000000,
    "interestIncome": 97000000,
    "interestExpense": 203000000,
    "depreciationAndAmortization": 8904000000,
    "ebitda": 5900000000,
    "ebitdaratio": 0.405805076,
    "operatingIncome": 5551000000,
    "operatingIncomeRatio": 0.381800674,
    "totalOtherIncomeExpensesNet": 236000000,
    "incomeBeforeTax": 5787000000,
    "incomeBeforeTaxRatio": 0.3980328771,
    "incomeTaxExpense": 1261000000,
    "netIncome": 4476000000,
    "netIncomeRatio": 0.3078616136,
    "eps": 28.69,
    "epsdiluted": 28.43,
    "weightedAverageShsOut": 156014343,
    "weightedAverageShsOutDil": 157459546,
    "link": "https://www.sec.gov/Archives/edgar/data/1364742/000156459020007807/0001564590-20-007807-index.htm",
    "finalLink": "https://www.sec.gov/Archives/edgar/data/1364742/000156459020007807/blk-10k_20191231.htm"
  },
  {
    "date": "2018-12-31",
    "symbol": "BLK",
    "reportedCurrency": "USD",
    "cik": "0001364742",
    "fillingDate": "2019-02-28",
    "acceptedDate": "2019-02-28 16:25:04",
    "calendarYear": "2018",
    "period": "FY",
    "revenue": 14198000000,
    "costOfRevenue": 6993000000,
    "grossProfit": 7205000000,
    "grossProfitRatio": 0.5074658403,
    "researchAndDevelopmentExpenses": 0.37875906753996763,
    "generalAndAdministrativeExpenses": 1196000000,
    "sellingAndMarketingExpenses": 361000000,
    "sellingGeneralAndAdministrativeExpenses": 1557000000,
    "otherExpenses": 50000000,
    "operatingExpenses": 1607000000,
    "costAndExpenses": 8600000000,
    "interestIncome": 104000000,
    "interestExpense": 184000000,
    "depreciationAndAmortization": 8784000000,
    "ebitda": 5802000000,
    "ebitdaratio": 0.4086491055,
    "operatingIncome": 5457000000,
    "operatingIncomeRatio": 0.3843499084,
    "totalOtherIncomeExpensesNet": -79000000,
    "incomeBeforeTax": 5378000000,
    "incomeBeforeTaxRatio": 0.3787857445,
    "incomeTaxExpense": 1076000000,
    "netIncome": 4305000000,
    "netIncomeRatio": 0.30321172,
    "eps": 26.75,
    "epsdiluted": 26.48,
    "weightedAverageShsOut": 160944893,
    "weightedAverageShsOutDil": 162599126,
    "link": "https://www.sec.gov/Archives/edgar/data/1364742/000156459019005479/0001564590-19-005479-index.htm",
    "finalLink": "https://www.sec.gov/Archives/edgar/data/1364742/000156459019005479/blk-10k_20181231.htm"
  },
  {
    "date": "2017-12-31",
    "symbol": "BLK",
    "reportedCurrency": "USD",
    "cik": "0001364742",
    "fillingDate": "2018-02-28",
    "acceptedDate": "2018-02-28 14:38:00",
    "calendarYear": "2017",
    "period": "FY",
    "revenue": 13600000000,
    "costOfRevenue": 6811000000,
    "grossProfit": 6789000000,
    "grossProfitRatio": 0.4991911765,
    "researchAndDevelopmentExpenses": 0.38216699367778506,
    "generalAndAdministrativeExpenses": 1446000000,
    "sellingAndMarketingExpenses": 333000000,
    "sellingGeneralAndAdministrativeExpenses": 1446000000,
    "otherExpenses": 5000000,
    "operatingExpenses": 1535000000,
    "costAndExpenses": 8346000000,
    "interestIncome": 49000000,
    "interestExpense": 205000000,
    "depreciationAndAmortization": 8516000000,
    "ebitda": 5502000000,
    "ebitdaratio": 0.4045588235,
    "operatingIncome": 5254000000,
    "operatingIncomeRatio": 0.3863235294,
    "totalOtherIncomeExpensesNet": 5000000,
    "incomeBeforeTax": 5259000000,
    "incomeBeforeTaxRatio": 0.3866911765,
    "incomeTaxExpense": 270000000,
    "netIncome": 4952000000,
    "netIncomeRatio": 0.3641176471,
    "eps": 30.42,
    "epsdiluted": 30,
    "weightedAverageShsOut": 162811846,
    "weightedAverageShsOutDil": 165075334,
    "link": "https://www.sec.gov/Archives/edgar/data/1364742/000156459018003744/0001564590-18-003744-index.htm",
    "finalLink": "https://www.sec.gov/Archives/edgar/data/1364742/000156459018003744/blk-10k_20171231.htm"
  },
  {
    "date": "2016-12-31",
    "symbol": "BLK",
    "reportedCurrency": "USD",
    "cik": "0001364742",
    "fillingDate": "2017-02-28",
    "acceptedDate": "2017-02-28 15:14:26",
    "calendarYear": "2016",
    "period": "FY",
    "revenue": 11155000000,
    "costOfRevenue": 5109000000,
    "grossProfit": 6046000000,
    "grossProfitRatio": 0.5419991035,
    "researchAndDevelopmentExpenses": 175000000,
    "generalAndAdministrativeExpenses": 1301000000,
    "sellingAndMarketingExpenses": 325000000,
    "sellingGeneralAndAdministrativeExpenses": 1301000000,
    "otherExpenses": 99000000,
    "operatingExpenses": 1400000000,
    "costAndExpenses": 6509000000,
    "interestIncome": 40000000,
    "interestExpense": 205000000,
    "depreciationAndAmortization": 6515000000,
    "ebitda": 4902000000,
    "ebitdaratio": 0.4394441954,
    "operatingIncome": 4570000000,
    "operatingIncomeRatio": 0.4096817571,
    "totalOtherIncomeExpensesNet": -110000000,
    "incomeBeforeTax": 4460000000,
    "incomeBeforeTaxRatio": 0.3998207082,
    "incomeTaxExpense": 1290000000,
    "netIncome": 3172000000,
    "netIncomeRatio": 0.2843567907,
    "eps": 19.19,
    "epsdiluted": 18.94,
    "weightedAverageShsOut": 165086201,
    "weightedAverageShsOutDil": 167248745,
    "link": "https://www.sec.gov/Archives/edgar/data/1364742/000156459017002816/0001564590-17-002816-index.htm",
    "finalLink": "https://www.sec.gov/Archives/edgar/data/1364742/000156459017002816/blk-10k_20161231.htm"
  },
  {
    "date": "2015-12-31",
    "symbol": "BLK",
    "reportedCurrency": "USD",
    "cik": "0001364742",
    "fillingDate": "2016-02-26",
    "acceptedDate": "2016-02-26 13:40:10",
    "calendarYear": "2015",
    "period": "FY",
    "revenue": 11401000000,
    "costOfRevenue": 5229000000,
    "grossProfit": 6172000000,
    "grossProfitRatio": 0.5413560214,
    "researchAndDevelopmentExpenses": 170000000,
    "generalAndAdministrativeExpenses": 1380000000,
    "sellingAndMarketingExpenses": 365000000,
    "sellingGeneralAndAdministrativeExpenses": 1380000000,
    "otherExpenses": 128000000,
    "operatingExpenses": 1508000000,
    "costAndExpenses": 6737000000,
    "interestIncome": 26000000,
    "interestExpense": 204000000,
    "depreciationAndAmortization": 128000000,
    "ebitda": 4959000000,
    "ebitdaratio": 0.4349618455,
    "operatingIncome": 4664000000,
    "operatingIncomeRatio": 0.4090869222,
    "totalOtherIncomeExpensesNet": -62000000,
    "incomeBeforeTax": 4602000000,
    "incomeBeforeTaxRatio": 0.4036488027,
    "incomeTaxExpense": 1250000000,
    "netIncome": 3345000000,
    "netIncomeRatio": 0.2933953162,
    "eps": 20.02,
    "epsdiluted": 19.71,
    "weightedAverageShsOut": 167058240,
    "weightedAverageShsOutDil": 169717439,
    "link": "https://www.sec.gov/Archives/edgar/data/1364742/000156459016013511/0001564590-16-013511-index.htm",
    "finalLink": "https://www.sec.gov/Archives/edgar/data/1364742/000156459016013511/blk-10k_20151231.htm"
  }
]