[
  {
    "date": "2024-12-31",
    "symbol": "BLK",
    "reportedCurrency": "USD",
    "cik": "0002012383",
    "fillingDate": "2025-02-25",
    "acceptedDate": "2025-02-25 15:59:36",
    "calendarYear": "2024",
    "period": "Q4",
    "revenue": 5677000000,
    "costOfRevenue": 2881000000,
    "grossProfit": 2796000000,
    "grossProfitRatio": 0.4925136516,
    "researchAndDevelopmentExpenses": 182000000,
    "generalAndAdministrativeExpenses": 494000000,
    "sellingAndMarketingExpenses": 92000000,
    "sellingGeneralAndAdministrativeExpenses": 586000000,
    "otherExpenses": -47000000,
    "operatingExpenses": 721000000,
    "costAndExpenses": 3602000000,
    "interestIncome": 212000000,
    "interestExpense": 166000000,
    "depreciationAndAmortization": 110000000,
    "ebitda": 2195000000,
    "ebitdaratio": 0.3866478774,
    "operatingIncome": 2075000000,
    "operatingIncomeRatio": 0.3655099524,
    "totalOtherIncomeExpensesNet": 28000000,
    "incomeBeforeTax": 2103000000,
    "incomeBeforeTaxRatio": 0.3704421349,
    "incomeTaxExpense": 442000000,
    "netIncome": 1670000000,
    "netIncomeRatio": 0.2941694557,
    "eps": 10.63,
    "epsdiluted": 10.64,
    "weightedAverageShsOut": 155000000,
    "weightedAverageShsOutDil": 157000000,
    "link": "https://www.sec.gov/Archives/edgar/data/2012383/000095017025026584/0000950170-25-026584-index.htm",
    "finalLink": "https://www.sec.gov/Archives/edgar/data/2012383/000095017025026584/blk-20241231.htm"
  },
  {
    "date": "2024-09-30",
    "symbol": "BLK",
    "reportedCurrency": "USD",
    "cik": "0001364742",
    "fillingDate": "2024-09-30",
    "acceptedDate": "2024-09-28 20:00:00",
    "calendarYear": "2024",
    "period": "Q3",
    "revenue": 5374000000,
    "costOfRevenue": 962000000,
    "grossProfit": 4412000000,
    "grossProfitRatio": 0.8209899516,
    "researchAndDevelopmentExpenses": 0,
    "generalAndAdministrativeExpenses": 0,
    "sellingAndMarketingExpenses": 0,
    "sellingGeneralAndAdministrativeExpenses": -2228000000,
    "otherExpenses": 0,
    "operatingExpenses": -2228000000,
    "costAndExpenses": 3190000000,
    "interestIncome": 236000000,
    "interestExpense": 0,
    "depreciationAndAmortization": 0,
    "ebitda": 2184000000,
    "ebitdaratio": 0.4064011909,
    "operatingIncome": 2184000000,
    "operatingIncomeRatio": 0.4064011909,
    "totalOtherIncomeExpensesNet": 81000000,
    "incomeBeforeTax": 2265000000,
    "incomeBeforeTaxRatio": 0.4214737626,
    "incomeTaxExpense": 574000000,
    "netIncome": 1631000000,
    "netIncomeRatio": 0.3034983253,
    "eps": 11.02,
    "epsdiluted": 10.9,
    "weightedAverageShsOut": 148000000,
    "weightedAverageShsOutDil": 149600000,
    "link": "https://www.sec.gov/Archives/edgar/data/2012383/000095017024122256/0000950170-24-122256-index.html",
    "finalLink": "https://www.sec.gov/Archives/edgar/data/2012383/000095017024122256/0000950170-24-122256-index.html"
  },
  {
    "date": "2024-06-30",
    "symbol": "BLK",
    "reportedCurrency": "USD",
    "cik": "0001364742",
    "fillingDate": "2024-08-06",
    "acceptedDate": "2024-08-06 15:57:51",
    "calendarYear": "2024",
    "period": "Q2",
    "revenue": 4976000000,
    "costOfRevenue": 1005000000,
    "grossProfit": 3971000000,
    "grossProfitRatio": 0.7980305466,
    "researchAndDevelopmentExpenses": 157000000,
    "generalAndAdministrativeExpenses": 392000000,
    "sellingAndMarketingExpenses": 76000000,
    "sellingGeneralAndAdministrativeExpenses": 468000000,
    "otherExpenses": -2073000000,
    "operatingExpenses": 507000000,
    "costAndExpenses": 3011000000,
    "interestIncome": 178000000,
    "interestExpense": 126000000,
    "depreciationAndAmortization": 108000000,
    "ebitda": 1922000000,
    "ebitdaratio": 0.3862540193,
    "operatingIncome": 1965000000,
    "operatingIncomeRatio": 0.3948954984,
    "totalOtherIncomeExpensesNet": 214000000,
    "incomeBeforeTax": 2014000000,
    "incomeBeforeTaxRatio": 0.4047427653,
    "incomeTaxExpense": 477000000,
    "netIncome": 1495000000,
    "netIncomeRatio": 0.3004421222,
    "eps": 10.07,
    "epsdiluted": 9.99,
    "weightedAverageShsOut": 148442950,
    "weightedAverageShsOutDil": 149657889,
    "link": "https://www.sec.gov/Archives/edgar/data/1364742/000095017024091706/0000950170-24-091706-index.htm",
    "finalLink": "https://www.sec.gov/Archives/edgar/data/1364742/000095017024091706/blk-20240630.htm"
  },
  {
    "date": "2024-03-31",
    "symbol": "BLK",
    "reportedCurrency": "USD",
    "cik": "0001364742",
    "fillingDate": "2024-05-07",
    "acceptedDate": "2024-05-07 12:07:25",
    "calendarYear": "2024",
    "period": "Q1",
    "revenue": 4899000000,
    "costOfRevenue": 888000000,
    "grossProfit": 4011000000,
    "grossProfitRatio": 0.8187385181,
    "researchAndDevelopmentExpenses": 160000000,
    "generalAndAdministrativeExpenses": 440000000,
    "sellingAndMarketingExpenses": 82000000,
    "sellingGeneralAndAdministrativeExpenses": 522000000,
    "otherExpenses": -2152000000,
    "operatingExpenses": 2152000000,
    "costAndExpenses": 3040000000,
    "interestIncome": 141000000,
    "interestExpense": 92000000,
    "depreciationAndAmortization": 111000000,
    "ebitda": 1833000000,
    "ebitdaratio": 0.3741579914,
    "operatingIncome": 1859000000,
    "operatingIncomeRatio": 0.379465197,
    "totalOtherIncomeExpensesNet": 220000000,
    "incomeBeforeTax": 1913000000,
    "incomeBeforeTaxRatio": 0.3904878547,
    "incomeTaxExpense": 290000000,
    "netIncome": 1573000000,
    "netIncomeRatio": 0.3210859359,
    "eps": 10.58,
    "epsdiluted": 10.48,
    "weightedAverageShsOut": 148700000,
    "weightedAverageShsOutDil": 150100000,
    "link": "https://www.sec.gov/Archives/edgar/data/1364742/000095017024054148/0000950170-24-054148-index.htm",
    "finalLink": "https://www.sec.gov/Archives/edgar/data/1364742/000095017024054148/blk-20240331.htm"
  },
  {
    "date": "2023-12-31",
    "symbol": "BLK",
    "reportedCurrency": "USD",
    "cik": "0001364742",
    "fillingDate": "2024-02-23",
    "acceptedDate": "2024-02-23 14:28:07",
    "calendarYear": "2023",
    "period": "Q4",
    "revenue": 4896000000,
    "costOfRevenue": 820000000,
    "grossProfit": 4076000000,
    "grossProfitRatio": 0.8325163399,
    "researchAndDevelopmentExpenses": 186000000,
    "generalAndAdministrativeExpenses": 526000000,
    "sellingAndMarketingExpenses": 100000000,
    "sellingGeneralAndAdministrativeExpenses": 626000000,
    "otherExpenses": -2167000000,
    "operatingExpenses": 2167000000,
    "costAndExpenses": 2987000000,
    "interestIncome": 159000000,
    "interestExpense": 82000000,
    "depreciationAndAmortization": 111000000,
    "ebitda": 1759000000,
    "ebitdaratio": 0.3592728758,
    "operatingIncome": 1909000000,
    "operatingIncomeRatio": 0.3899101307,
    "totalOtherIncomeExpensesNet": 342000000,
    "incomeBeforeTax": 1927000000,
    "incomeBeforeTaxRatio": 0.3935866013,
    "incomeTaxExpense": 438000000,
    "netIncome": 1375000000,
    "netIncomeRatio": 0.2808415033,
    "eps": 9.25,
    "epsdiluted": 9.15,
    "weightedAverageShsOut": 148700000,
    "weightedAverageShsOutDil": 150200000,
    "link": "https://www.sec.gov/Archives/edgar/data/1364742/000095017024019271/0000950170-24-019271-index.htm",
    "finalLink": "https://www.sec.gov/Archives/edgar/data/1364742/000095017024019271/blk-20231231.htm"
  },
  {
    "date": "2023-09-30",
    "symbol": "BLK",
    "reportedCurrency": "USD",
    "cik": "0001364742",
    "fillingDate": "2023-11-06",
    "acceptedDate": "2023-11-06 14:24:41",
    "calendarYear": "2023",
    "period": "Q3",
    "revenue": 4311000000,
    "costOfRevenue": 2193000000,
    "grossProfit": 2118000000,
    "grossProfitRatio": 0.4913013222,
    "researchAndDevelopmentExpenses": 145000000,
    "generalAndAdministrativeExpenses": 455000000,
    "sellingAndMarketingExpenses": 95000000,
    "sellingGeneralAndAdministrativeExpenses": 550000000,
    "otherExpenses": -1749000000,
    "operatingExpenses": 588000000,
    "costAndExpenses": 2781000000,
    "interestIncome": 41000000,
    "interestExpense": 50000000,
    "depreciationAndAmortization": 108000000,
    "ebitda": 1745000000,
    "ebitdaratio": 0.4047784737,
    "operatingIncome": 1526000000,
    "operatingIncomeRatio": 0.3539781953,
    "totalOtherIncomeExpensesNet": 171000000,
    "incomeBeforeTax": 1691000000,
    "incomeBeforeTaxRatio": 0.3922523776,
    "incomeTaxExpense": 330000000,
    "netIncome": 1604000000,
    "netIncomeRatio": 0.3720714451,
    "eps": 10.75,
    "epsdiluted": 10.66,
    "weightedAverageShsOut": 149155258,
    "weightedAverageShsOutDil": 150505143,
    "link": "https://www.sec.gov/Archives/edgar/data/1364742/000095017023059279/0000950170-23-059279-index.htm",
    "finalLink": "https://www.sec.gov/Archives/edgar/data/1364742/000095017023059279/blk-20230930.htm"
  },
  {
    "date": "2023-06-30",
    "symbol": "BLK",
    "reportedCurrency": "USD",
    "cik": "0001364742",
    "fillingDate": "2023-08-04",
    "acceptedDate": "2023-08-04 14:22:08",
    "calendarYear": "2023",
    "period": "Q2",
    "revenue": 4463000000,
    "costOfRevenue": 2291000000,
    "grossProfit": 2172000000,
    "grossProfitRatio": 0.4866681604,
    "researchAndDevelopmentExpenses": 141000000,
    "generalAndAdministrativeExpenses": 435000000,
    "sellingAndMarketingExpenses": 82000000,
    "sellingGeneralAndAdministrativeExpenses": 517000000,
    "otherExpenses": 37000000,
    "operatingExpenses": 554000000,
    "costAndExpenses": 2845000000,
    "interestIncome": 89000000,
    "interestExpense": 69000000,
    "depreciationAndAmortization": 136000000,
    "ebitda": 1985000000,
    "ebitdaratio": 0.4447680932,
    "operatingIncome": 1615000000,
    "operatingIncomeRatio": 0.3618642169,
    "totalOtherIncomeExpensesNet": 251000000,
    "incomeBeforeTax": 1866000000,
    "incomeBeforeTaxRatio": 0.4181044141,
    "incomeTaxExpense": 443000000,
    "netIncome": 1366000000,
    "netIncomeRatio": 0.3060721488,
    "eps": 9.13,
    "epsdiluted": 9.06,
    "weightedAverageShsOut": 149604642,
    "weightedAverageShsOutDil": 150739213,
    "link": "https://www.sec.gov/Archives/edgar/data/1364742/000095017023038497/0000950170-23-038497-index.htm",
    "finalLink": "https://www.sec.gov/Archives/edgar/data/1364742/000095017023038497/blk-20230630.htm"
  },
  {
    "date": "2023-03-31",
    "symbol": "BLK",
    "reportedCurrency": "USD",
    "cik": "0001364742",
    "fillingDate": "2023-05-05",
    "acceptedDate": "2023-05-05 13:21:58",
    "calendarYear": "2023",
    "period": "Q1",
    "revenue": 4243000000,
    "costOfRevenue": 2247000000,
    "grossProfit": 1996000000,
    "grossProfitRatio": 0.4704218713,
    "researchAndDevelopmentExpenses": 135000000,
    "generalAndAdministrativeExpenses": 442000000,
    "sellingAndMarketingExpenses": 80000000,
    "sellingGeneralAndAdministrativeExpenses": 522000000,
    "otherExpenses": 37000000,
    "operatingExpenses": 559000000,
    "costAndExpenses": 2806000000,
    "interestIncome": 86000000,
    "interestExpense": 59000000,
    "depreciationAndAmortization": 149000000,
    "ebitda": 1710000000,
    "ebitdaratio": 0.4030167334,
    "operatingIncome": 1438000000,
    "operatingIncomeRatio": 0.3389111478,
    "totalOtherIncomeExpensesNet": 116000000,
    "incomeBeforeTax": 1554000000,
    "incomeBeforeTaxRatio": 0.3662502946,
    "incomeTaxExpense": 385000000,
    "netIncome": 1157000000,
    "netIncomeRatio": 0.2726844214,
    "eps": 7.72,
    "epsdiluted": 7.64,
    "weightedAverageShsOut": 149909343,
    "weightedAverageShsOutDil": 151349829,
    "link": "https://www.sec.gov/Archives/edgar/data/1364742/000095017023018214/0000950170-23-018214-index.htm",
    "finalLink": "https://www.sec.gov/Archives/edgar/data/1364742/000095017023018214/blk-20230331.htm"
  },
  {
    "date": "2022-12-31",
    "symbol": "BLK",
    "reportedCurrency": "USD",
    "cik": "0001364742",
    "fillingDate": "2023-02-24",
    "acceptedDate": "2023-02-24 14:35:17",
    "calendarYear": "2022",
    "period": "Q4",
    "revenue": 4337000000,
    "costOfRevenue": 2202000000,
    "grossProfit": 2135000000,
    "grossProfitRatio": 0.4922757667,
    "researchAndDevelopmentExpenses": 151000000,
    "generalAndAdministrativeExpenses": 471000000,
    "sellingAndMarketingExpenses": 100000000,
    "sellingGeneralAndAdministrativeExpenses": 571000000,
    "otherExpenses": 37000000,
    "operatingExpenses": 608000000,
    "costAndExpenses": 2810000000,
    "interestIncome": 72000000,
    "interestExpense": 54000000,
    "depreciationAndAmortization": 136000000,
    "ebitda": 1870000000,
    "ebitdaratio": 0.4311736223,
    "operatingIncome": 1427000000,
    "operatingIncomeRatio": 0.3290292829,
    "totalOtherIncomeExpensesNet": 225000000,
    "incomeBeforeTax": 1652000000,
    "incomeBeforeTaxRatio": 0.3809084621,
    "incomeTaxExpense": 345000000,
    "netIncome": 1259000000,
    "netIncomeRatio": 0.2902928291,
    "eps": 8.39,
    "epsdiluted": 8.29,
    "weightedAverageShsOut": 150035914,
    "weightedAverageShsOutDil": 151839446,
    "link": "https://www.sec.gov/Archives/edgar/data/1364742/000095017023004343/0000950170-23-004343-index.htm",
    "finalLink": "https://www.sec.gov/Archives/edgar/data/1364742/000095017023004343/blk-20221231.htm"
  },
  {
    "date": "2022-09-30",
    "symbol": "BLK",
    "reportedCurrency": "USD",
    "cik": "0001364742",
    "fillingDate": "2022-11-04",
    "acceptedDate": "2022-11-04 14:30:31",
    "calendarYear": "2022",
    "period": "Q3",
    "revenue": 4311000000,
    "costOfRevenue": 2193000000,
    "grossProfit": 2118000000,
    "grossProfitRatio": 0.4913013222,
    "researchAndDevelopmentExpenses": 156000000,
    "generalAndAdministrativeExpenses": 455000000,
    "sellingAndMarketingExpenses": 95000000,
    "sellingGeneralAndAdministrativeExpenses": 550000000,
    "otherExpenses": 38000000,
    "operatingExpenses": 588000000,
    "costAndExpenses": 2781000000,
    "interestIncome": 41000000,
    "interestExpense": 50000000,
    "depreciationAndAmortization": 150000000,
    "ebitda": 1854000000,
    "ebitdaratio": 0.4300626305,
    "operatingIncome": 1526000000,
    "operatingIncomeRatio": 0.3539781953,
    "totalOtherIncomeExpensesNet": 165000000,
    "incomeBeforeTax": 1691000000,
    "incomeBeforeTaxRatio": 0.3922523776,
    "incomeTaxExpense": 330000000,
    "netIncome": 1406000000,
    "netIncomeRatio": 0.3261424264,
    "eps": 9.34,
    "epsdiluted": 9.21,
    "weightedAverageShsOut": 150600000,
    "weightedAverageShsOutDil": 152610440,
    "link": "https://www.sec.gov/Archives/edgar/data/1364742/000095017022022155/0000950170-22-022155-index.htm",
    "finalLink": "https://www.sec.gov/Archives/edgar/data/1364742/000095017022022155/blk-20220930.htm"
  },
  {
    "date": "2022-06-30",
    "symbol": "BLK",
    "reportedCurrency": "USD",
    "cik": "0001364742",
    "fillingDate": "2022-08-05",
    "acceptedDate": "2022-08-05 11:50:44",
    "calendarYear": "2022",
    "period": "Q2",
    "revenue": 4526000000,
    "costOfRevenue": 2290000000,
    "grossProfit": 2236000000,
    "grossProfitRatio": 0.4940344675,
    "researchAndDevelopmentExpenses": 148000000,
    "generalAndAdministrativeExpenses": 452000000,
    "sellingAndMarketingExpenses": 76000000,
    "sellingGeneralAndAdministrativeExpenses": 528000000,
    "otherExpenses": 38000000,
    "operatingExpenses": 566000000,
    "costAndExpenses": 2856000000,
    "interestIncome": 21000000,
    "interestExpense": 54000000,
    "depreciationAndAmortization": 141000000,
    "ebitda": 1497000000,
    "ebitdaratio": 0.3307556341,
    "operatingIncome": 1668000000,
    "operatingIncomeRatio": 0.3685373398,
    "totalOtherIncomeExpensesNet": -347000000,
    "incomeBeforeTax": 1321000000,
    "incomeBeforeTaxRatio": 0.2918692002,
    "incomeTaxExpense": 358000000,
    "netIncome": 1077000000,
    "netIncomeRatio": 0.2379584622,
    "eps": 7.12,
    "epsdiluted": 7.04,
    "weightedAverageShsOut": 151292580,
    "weightedAverageShsOutDil": 153064576,
    "link": "https://www.sec.gov/Archives/edgar/data/1364742/000156459022028139/0001564590-22-028139-index.htm",
    "finalLink": "https://www.sec.gov/Archives/edgar/data/1364742/000156459022028139/blk-10q_20220630.htm"
  },
  {
    "date": "2022-03-31",
    "symbol": "BLK",
    "reportedCurrency": "USD",
    "cik": "0001364742",
    "fillingDate": "2022-05-06",
    "acceptedDate": "2022-05-06 12:40:30",
    "calendarYear": "2022",
    "period": "Q1",
    "revenue": 4699000000,
    "costOfRevenue": 2401000000,
    "grossProfit": 2298000000,
    "grossProfitRatio": 0.4890402213,
    "researchAndDevelopmentExpenses": 145000000,
    "generalAndAdministrativeExpenses": 438000000,
    "sellingAndMarketingExpenses": 60000000,
    "sellingGeneralAndAdministrativeExpenses": 498000000,
    "otherExpenses": 38000000,
    "operatingExpenses": 536000000,
    "costAndExpenses": 2937000000,
    "interestIncome": 18000000,
    "interestExpense": 54000000,
    "depreciationAndAmortization": 140000000,
    "ebitda": 1800000000,
    "ebitdaratio": 0.3830602256,
    "operatingIncome": 1764000000,
    "operatingIncomeRatio": 0.3753990211,
    "totalOtherIncomeExpensesNet": -138000000,
    "incomeBeforeTax": 1626000000,
    "incomeBeforeTaxRatio": 0.3460310704,
    "incomeTaxExpense": 263000000,
    "netIncome": 1436000000,
    "netIncomeRatio": 0.3055969355,
    "eps": 9.46,
    "epsdiluted": 9.32,
    "weightedAverageShsOut": 151732845,
    "weightedAverageShsOutDil": 154146981,
    "link": "https://www.sec.gov/Archives/edgar/data/1364742/000156459022018505/0001564590-22-018505-index.htm",
    "finalLink": "https://www.sec.gov/Archives/edgar/data/1364742/000156459022018505/blk-10q_20220331.htm"
  },
  {
    "date": "2021-12-31",
    "symbol": "BLK",
    "reportedCurrency": "USD",
    "cik": "0001364742",
    "fillingDate": "2022-02-25",
    "acceptedDate": "2022-02-25 15:15:26",
    "calendarYear": "2021",
    "period": "Q4",
    "revenue": 5106000000,
    "costOfRevenue": 2465000000,
    "grossProfit": 2641000000,
    "grossProfitRatio": 0.5172346259,
    "researchAndDevelopmentExpenses": 135000000,
    "generalAndAdministrativeExpenses": 466000000,
    "sellingAndMarketingExpenses": 96000000,
    "sellingGeneralAndAdministrativeExpenses": 562000000,
    "otherExpenses": 38000000,
    "operatingExpenses": 600000000,
    "costAndExpenses": 3065000000,
    "interestIncome": 46000000,
    "interestExpense": 50000000,
    "depreciationAndAmortization": 134000000,
    "ebitda": 2250000000,
    "ebitdaratio": 0.4406580494,
    "operatingIncome": 2039000000,
    "operatingIncomeRatio": 0.3993341167,
    "totalOtherIncomeExpensesNet": 71000000,
    "incomeBeforeTax": 2110000000,
    "incomeBeforeTaxRatio": 0.4132393263,
    "incomeTaxExpense": 478000000,
    "netIncome": 1643000000,
    "netIncomeRatio": 0.3217783,
    "eps": 10.78,
    "epsdiluted": 10.59,
    "weightedAverageShsOut": 152431952,
    "weightedAverageShsOutDil": 155184936,
    "link": "https://www.sec.gov/Archives/edgar/data/1364742/000156459022007117/0001564590-22-007117-index.htm",
    "finalLink": "https://www.sec.gov/Archives/edgar/data/1364742/000156459022007117/blk-10k_20211231.htm"
  },
  {
    "date": "2021-09-30",
    "symbol": "BLK",
    "reportedCurrency": "USD",
    "cik": "0001364742",
    "fillingDate": "2021-11-05",
    "acceptedDate": "2021-11-05 13:55:20",
    "calendarYear": "2021",
    "period": "Q3",
    "revenue": 5050000000,
    "costOfRevenue": 2466000000,
    "grossProfit": 2584000000,
    "grossProfitRatio": 0.5116831683,
    "researchAndDevelopmentExpenses": 140000000,
    "generalAndAdministrativeExpenses": 527000000,
    "sellingAndMarketingExpenses": 54000000,
    "sellingGeneralAndAdministrativeExpenses": 581000000,
    "otherExpenses": 38000000,
    "operatingExpenses": 619000000,
    "costAndExpenses": 3085000000,
    "interestIncome": 14000000,
    "interestExpense": 48000000,
    "depreciationAndAmortization": 145000000,
    "ebitda": 2480000000,
    "ebitdaratio": 0.4910891089,
    "operatingIncome": 1935000000,
    "operatingIncomeRatio": 0.3831683168,
    "totalOtherIncomeExpensesNet": 336000000,
    "incomeBeforeTax": 2271000000,
    "incomeBeforeTaxRatio": 0.4497029703,
    "incomeTaxExpense": 518000000,
    "netIncome": 1681000000,
    "netIncomeRatio": 0.3328712871,
    "eps": 11.01,
    "epsdiluted": 10.85,
    "weightedAverageShsOut": 152710841,
    "weightedAverageShsOutDil": 154919677,
    "link": "https://www.sec.gov/Archives/edgar/data/1364742/000156459021054838/0001564590-21-054838-index.htm",
    "finalLink": "https://www.sec.gov/Archives/edgar/data/1364742/000156459021054838/blk-10q_20210930.htm"
  },
  {
    "date": "2021-06-30",
    "symbol": "BLK",
    "reportedCurrency": "USD",
    "cik": "0001364742",
    "fillingDate": "2021-08-05",
    "acceptedDate": "2021-08-05 13:36:35",
    "calendarYear": "2021",
    "period": "Q2",
    "revenue": 4820000000,
    "costOfRevenue": 2391000000,
    "grossProfit": 2429000000,
    "grossProfitRatio": 0.5039419087,
    "researchAndDevelopmentExpenses": 129000000,
    "generalAndAdministrativeExpenses": 409000000,
    "sellingAndMarketingExpenses": 53000000,
    "sellingGeneralAndAdministrativeExpenses": 462000000,
    "otherExpenses": 37000000,
    "operatingExpenses": 499000000,
    "costAndExpenses": 2890000000,
    "interestIncome": 8000000,
    "interestExpense": 52000000,
    "depreciationAndAmortization": 133000000,
    "ebitda": 2377000000,
    "ebitdaratio": 0.493153527,
    "operatingIncome": 1931000000,
    "operatingIncomeRatio": 0.4006224066,
    "totalOtherIncomeExpensesNet": 270000000,
    "incomeBeforeTax": 2201000000,
    "incomeBeforeTaxRatio": 0.4566390041,
    "incomeTaxExpense": 654000000,
    "netIncome": 1378000000,
    "netIncomeRatio": 0.2858921162,
    "eps": 9,
    "epsdiluted": 8.88,
    "weightedAverageShsOut": 153055258,
    "weightedAverageShsOutDil": 155037730,
    "link": "https://www.sec.gov/Archives/edgar/data/1364742/000156459021041406/0001564590-21-041406-index.htm",
    "finalLink": "https://www.sec.gov/Archives/edgar/data/1364742/000156459021041406/blk-10q_20210630.htm"
  },
  {
    "date": "2021-03-31",
    "symbol": "BLK",
    "reportedCurrency": "USD",
    "cik": "0001364742",
    "fillingDate": "2021-05-06",
    "acceptedDate": "2021-05-06 12:59:42",
    "calendarYear": "2021",
    "period": "Q1",
    "revenue": 4398000000,
    "costOfRevenue": 2234000000,
    "grossProfit": 2164000000,
    "grossProfitRatio": 0.4920418372,
    "researchAndDevelopmentExpenses": 104000000,
    "generalAndAdministrativeExpenses": 543000000,
    "sellingAndMarketingExpenses": 35000000,
    "sellingGeneralAndAdministrativeExpenses": 578000000,
    "otherExpenses": 34000000,
    "operatingExpenses": 612000000,
    "costAndExpenses": 2846000000,
    "interestIncome": 19000000,
    "interestExpense": 55000000,
    "depreciationAndAmortization": 97000000,
    "ebitda": 1645000000,
    "ebitdaratio": 0.3740336517,
    "operatingIncome": 1545000000,
    "operatingIncomeRatio": 0.3512960437,
    "totalOtherIncomeExpensesNet": 46000000,
    "incomeBeforeTax": 1591000000,
    "incomeBeforeTaxRatio": 0.3617553433,
    "incomeTaxExpense": 318000000,
    "netIncome": 1199000000,
    "netIncomeRatio": 0.27262392,
    "eps": 7.83,
    "epsdiluted": 7.74,
    "weightedAverageShsOut": 153180172,
    "weightedAverageShsOutDil": 154921496,
    "link": "https://www.sec.gov/Archives/edgar/data/1364742/000156459021024726/0001564590-21-024726-index.htm",
    "finalLink": "https://www.sec.gov/Archives/edgar/data/1364742/000156459021024726/blk-10q_20210331.htm"
  },
  {
    "date": "2020-12-31",
    "symbol": "BLK",
    "reportedCurrency": "USD",
    "cik": "0001364742",
    "fillingDate": "2021-02-25",
    "acceptedDate": "2021-02-25 15:55:29",
    "calendarYear": "2020",
    "period": "Q4",
    "revenue": 4478000000,
    "costOfRevenue": 2129000000,
    "grossProfit": 2349000000,
    "grossProfitRatio": 0.5245645377,
    "researchAndDevelopmentExpenses": 124000000,
    "generalAndAdministrativeExpenses": 402000000,
    "sellingAndMarketingExpenses": 73000000,
    "sellingGeneralAndAdministrativeExpenses": 475000000,
    "otherExpenses": 27000000,
    "operatingExpenses": 502000000,
    "costAndExpenses": 2631000000,
    "interestIncome": 28000000,
    "interestExpense": 54000000,
    "depreciationAndAmortization": 16000000,
    "ebitda": 1902000000,
    "ebitdaratio": 0.4247431889,
    "operatingIncome": 1848000000,
    "operatingIncomeRatio": 0.412684234,
    "totalOtherIncomeExpensesNet": 319000000,
    "incomeBeforeTax": 2167000000,
    "incomeBeforeTaxRatio": 0.4839213935,
    "incomeTaxExpense": 427000000,
    "netIncome": 1548000000,
    "netIncomeRatio": 0.3456900402,
    "eps": 10.11,
    "epsdiluted": 9.98,
    "weightedAverageShsOut": 153127677,
    "weightedAverageShsOutDil": 155133392,
    "link": "https://www.sec.gov/Archives/edgar/data/1364742/000156459021008796/0001564590-21-008796-index.htm",
    "finalLink": "https://www.sec.gov/Archives/edgar/data/1364742/000156459021008796/blk-10k_20201231.htm"
  },
  {
    "date": "2020-09-30",
    "symbol": "BLK",
    "reportedCurrency": "USD",
    "cik": "0001364742",
    "fillingDate": "2020-11-05",
    "acceptedDate": "2020-11-05 14:59:31",
    "calendarYear": "2020",
    "period": "Q3",
    "revenue": 4369000000,
    "costOfRevenue": 2124000000,
    "grossProfit": 2245000000,
    "grossProfitRatio": 0.5138475624,
    "researchAndDevelopmentExpenses": 93000000,
    "generalAndAdministrativeExpenses": 412000000,
    "sellingAndMarketingExpenses": 48000000,
    "sellingGeneralAndAdministrativeExpenses": 460000000,
    "otherExpenses": 27000000,
    "operatingExpenses": 487000000,
    "costAndExpenses": 2611000000,
    "interestIncome": 9000000,
    "interestExpense": 54000000,
    "depreciationAndAmortization": 87000000,
    "ebitda": 1844000000,
    "ebitdaratio": 0.4220645457,
    "operatingIncome": 1757000000,
    "operatingIncomeRatio": 0.4021515221,
    "totalOtherIncomeExpensesNet": 224000000,
    "incomeBeforeTax": 1981000000,
    "incomeBeforeTaxRatio": 0.4534218357,
    "incomeTaxExpense": 464000000,
    "netIncome": 1364000000,
    "netIncomeRatio": 0.312199588,
    "eps": 8.9,
    "epsdiluted": 8.83,
    "weightedAverageShsOut": 153100473,
    "weightedAverageShsOutDil": 154359701,
    "link": "https://www.sec.gov/Archives/edgar/data/1364742/000156459020051202/0001564590-20-051202-index.htm",
    "finalLink": "https://www.sec.gov/Archives/edgar/data/1364742/000156459020051202/blk-10q_20200930.htm"
  },
  {
    "date": "2020-06-30",
    "symbol": "BLK",
    "reportedCurrency": "USD",
    "cik": "0001364742",
    "fillingDate": "2020-08-07",
    "acceptedDate": "2020-08-07 19:42:49",
    "calendarYear": "2020",
    "period": "Q2",
    "revenue": 3648000000,
    "costOfRevenue": 1827000000,
    "grossProfit": 1821000000,
    "grossProfitRatio": 0.4991776316,
    "researchAndDevelopmentExpenses": 92000000,
    "generalAndAdministrativeExpenses": 350000000,
    "sellingAndMarketingExpenses": 39000000,
    "sellingGeneralAndAdministrativeExpenses": 389000000,
    "otherExpenses": 27000000,
    "operatingExpenses": 416000000,
    "costAndExpenses": 2243000000,
    "interestIncome": 10000000,
    "interestExpense": 51000000,
    "depreciationAndAmortization": 86000000,
    "ebitda": 1490000000,
    "ebitdaratio": 0.4084429825,
    "operatingIncome": 1406000000,
    "operatingIncomeRatio": 0.3854166667,
    "totalOtherIncomeExpensesNet": 357000000,
    "incomeBeforeTax": 1763000000,
    "incomeBeforeTaxRatio": 0.4832785088,
    "incomeTaxExpense": 361000000,
    "netIncome": 1214000000,
    "netIncomeRatio": 0.3327850877,
    "eps": 7.87,
    "epsdiluted": 7.82,
    "weightedAverageShsOut": 154350277,
    "weightedAverageShsOutDil": 155333363,
    "link": "https://www.sec.gov/Archives/edgar/data/1364742/000156459020038433/0001564590-20-038433-index.htm",
    "finalLink": "https://www.sec.gov/Archives/edgar/data/1364742/000156459020038433/blk-10q_20200630.htm"
  },
  {
    "date": "2020-03-31",
    "symbol": "BLK",
    "reportedCurrency": "USD",
    "cik": "0001364742",
    "fillingDate": "2020-05-08",
    "acceptedDate": "2020-05-08 12:02:08",
    "calendarYear": "2020",
    "period": "Q1",
    "revenue": 3710000000,
    "costOfRevenue": 1859000000,
    "grossProfit": 1851000000,
    "grossProfitRatio": 0.4989218329,
    "researchAndDevelopmentExpenses": 88000000,
    "generalAndAdministrativeExpenses": 454000000,
    "sellingAndMarketingExpenses": 69000000,
    "sellingGeneralAndAdministrativeExpenses": 523000000,
    "otherExpenses": 25000000,
    "operatingExpenses": 548000000,
    "costAndExpenses": 2407000000,
    "interestIncome": 15000000,
    "interestExpense": 46000000,
    "depreciationAndAmortization": 82000000,
    "ebitda": 791000000,
    "ebitdaratio": 0.2132075472,
    "operatingIncome": 684000000,
    "operatingIncomeRatio": 0.1843665768,
    "totalOtherIncomeExpensesNet": -71000000,
    "incomeBeforeTax": 613000000,
    "incomeBeforeTaxRatio": 0.1652291105,
    "incomeTaxExpense": -14000000,
    "netIncome": 806000000,
    "netIncomeRatio": 0.2172506739,
    "eps": 5.17,
    "epsdiluted": 5.13,
    "weightedAverageShsOut": 155866744,
    "weightedAverageShsOutDil": 157044904,
    "link": "https://www.sec.gov/Archives/edgar/data/1364742/000156459020023352/0001564590-20-023352-index.htm",
    "finalLink": "https://www.sec.gov/Archives/edgar/data/1364742/000156459020023352/blk-10q_20200331.htm"
  }
]