[
  {
    "date": "2024-12-31",
    "symbol": "AXP",
    "reportedCurrency": "USD",
    "cik": "0000004962",
    "fillingDate": "2025-02-07",
    "acceptedDate": "2025-02-07 14:10:04",
    "calendarYear": "2024",
    "period": "Q4",
    "revenue": 17179000000,
    "costOfRevenue": 0,
    "grossProfit": 17179000000,
    "grossProfitRatio": 1,
    "researchAndDevelopmentExpenses": 0,
    "generalAndAdministrativeExpenses": 2102000000,
    "sellingAndMarketingExpenses": 1614000000,
    "sellingGeneralAndAdministrativeExpenses": 3716000000,
    "otherExpenses": 13463000000,
    "operatingExpenses": 17179000000,
    "costAndExpenses": 17179000000,
    "interestIncome": 6077000000,
    "interestExpense": 2039000000,
    "depreciationAndAmortization": 428000000,
    "ebitda": 0,
    "ebitdaratio": 0,
    "operatingIncome": 0,
    "operatingIncomeRatio": 0,
    "totalOtherIncomeExpensesNet": 2756000000,
    "incomeBeforeTax": 2756000000,
    "incomeBeforeTaxRatio": 0.1604284301,
    "incomeTaxExpense": 586000000,
    "netIncome": 2170000000,
    "netIncomeRatio": 0.126317015,
    "eps": 2.99,
    "epsdiluted": 3.04,
    "weightedAverageShsOut": 715671827,
    "weightedAverageShsOutDil": 704000000,
    "link": "https://www.sec.gov/Archives/edgar/data/4962/000000496225000016/0000004962-25-000016-index.htm",
    "finalLink": "https://www.sec.gov/Archives/edgar/data/4962/000000496225000016/axp-20241231.htm"
  },
  {
    "date": "2024-09-30",
    "symbol": "AXP",
    "reportedCurrency": "USD",
    "cik": "0000004962",
    "fillingDate": "2024-10-18",
    "acceptedDate": "2024-10-18 15:10:16",
    "calendarYear": "2024",
    "period": "Q3",
    "revenue": 16636000000,
    "costOfRevenue": 7230000000,
    "grossProfit": 9406000000,
    "grossProfitRatio": 0.5654003366,
    "researchAndDevelopmentExpenses": 0,
    "generalAndAdministrativeExpenses": 2049000000,
    "sellingAndMarketingExpenses": 1470000000,
    "sellingGeneralAndAdministrativeExpenses": 3519000000,
    "otherExpenses": 0,
    "operatingExpenses": 16636000000,
    "costAndExpenses": 14877000000,
    "interestIncome": 6149000000,
    "interestExpense": 2143000000,
    "depreciationAndAmortization": 437000000,
    "ebitda": 4334000000,
    "ebitdaratio": 0.2605193556,
    "operatingIncome": 4334000000,
    "operatingIncomeRatio": 0.2605193556,
    "totalOtherIncomeExpensesNet": -1130000000,
    "incomeBeforeTax": 3204000000,
    "incomeBeforeTaxRatio": 0.1925943736,
    "incomeTaxExpense": 697000000,
    "netIncome": 2507000000,
    "netIncomeRatio": 0.150697283,
    "eps": 3.49,
    "epsdiluted": 3.49,
    "weightedAverageShsOut": 708000000,
    "weightedAverageShsOutDil": 709000000,
    "link": "https://www.sec.gov/Archives/edgar/data/4962/000000496224000068/0000004962-24-000068-index.htm",
    "finalLink": "https://www.sec.gov/Archives/edgar/data/4962/000000496224000068/axp-20240930.htm"
  },
  {
    "date": "2024-06-30",
    "symbol": "AXP",
    "reportedCurrency": "USD",
    "cik": "0000004962",
    "fillingDate": "2024-07-19",
    "acceptedDate": "2024-07-19 13:18:53",
    "calendarYear": "2024",
    "period": "Q2",
    "revenue": 18400000000,
    "costOfRevenue": 7227000000,
    "grossProfit": 11173000000,
    "grossProfitRatio": 0.6072282609,
    "researchAndDevelopmentExpenses": 0,
    "generalAndAdministrativeExpenses": 1949000000,
    "sellingAndMarketingExpenses": 1480000000,
    "sellingGeneralAndAdministrativeExpenses": 3429000000,
    "otherExpenses": -7801000000,
    "operatingExpenses": 11275000000,
    "costAndExpenses": 14502000000,
    "interestIncome": 5794000000,
    "interestExpense": 2064000000,
    "depreciationAndAmortization": 421000000,
    "ebitda": 4319000000,
    "ebitdaratio": 0.2347282609,
    "operatingIncome": 5166000000,
    "operatingIncomeRatio": 0.2807608696,
    "totalOtherIncomeExpensesNet": -529000000,
    "incomeBeforeTax": 3790000000,
    "incomeBeforeTaxRatio": 0.2059782609,
    "incomeTaxExpense": 775000000,
    "netIncome": 3015000000,
    "netIncomeRatio": 0.1638586957,
    "eps": 4.16,
    "epsdiluted": 4.15,
    "weightedAverageShsOut": 716000000,
    "weightedAverageShsOutDil": 717000000,
    "link": "https://www.sec.gov/Archives/edgar/data/4962/000000496224000052/0000004962-24-000052-index.htm",
    "finalLink": "https://www.sec.gov/Archives/edgar/data/4962/000000496224000052/axp-20240630.htm"
  },
  {
    "date": "2024-03-31",
    "symbol": "AXP",
    "reportedCurrency": "USD",
    "cik": "0000004962",
    "fillingDate": "2024-04-19",
    "acceptedDate": "2024-04-19 10:58:03",
    "calendarYear": "2024",
    "period": "Q1",
    "revenue": 17811000000,
    "costOfRevenue": 6762000000,
    "grossProfit": 11049000000,
    "grossProfitRatio": 0.6203469766,
    "researchAndDevelopmentExpenses": 0,
    "generalAndAdministrativeExpenses": 2098000000,
    "sellingAndMarketingExpenses": 1476000000,
    "sellingGeneralAndAdministrativeExpenses": 3574000000,
    "otherExpenses": -6057000000,
    "operatingExpenses": 6057000000,
    "costAndExpenses": 14088000000,
    "interestIncome": 5775000000,
    "interestExpense": 2006000000,
    "depreciationAndAmortization": 390000000,
    "ebitda": 4113000000,
    "ebitdaratio": 0.2309247094,
    "operatingIncome": 4992000000,
    "operatingIncomeRatio": 0.2802762338,
    "totalOtherIncomeExpensesNet": -968000000,
    "incomeBeforeTax": 3145000000,
    "incomeBeforeTaxRatio": 0.1765762731,
    "incomeTaxExpense": 708000000,
    "netIncome": 2437000000,
    "netIncomeRatio": 0.1368255572,
    "eps": 3.34,
    "epsdiluted": 3.33,
    "weightedAverageShsOut": 721000000,
    "weightedAverageShsOutDil": 722000000,
    "link": "https://www.sec.gov/Archives/edgar/data/4962/000000496224000031/0000004962-24-000031-index.htm",
    "finalLink": "https://www.sec.gov/Archives/edgar/data/4962/000000496224000031/axp-20240331.htm"
  },
  {
    "date": "2023-12-31",
    "symbol": "AXP",
    "reportedCurrency": "USD",
    "cik": "0000004962",
    "fillingDate": "2024-02-09",
    "acceptedDate": "2024-02-09 14:08:08",
    "calendarYear": "2023",
    "period": "Q4",
    "revenue": 15792000000,
    "costOfRevenue": 6721000000,
    "grossProfit": 9071000000,
    "grossProfitRatio": 0.5744047619,
    "researchAndDevelopmentExpenses": 0,
    "generalAndAdministrativeExpenses": 2131000000,
    "sellingAndMarketingExpenses": 1228000000,
    "sellingGeneralAndAdministrativeExpenses": 3359000000,
    "otherExpenses": -16639000000,
    "operatingExpenses": -13280000000,
    "costAndExpenses": -13280000000,
    "interestIncome": 5552000000,
    "interestExpense": 1948000000,
    "depreciationAndAmortization": 422000000,
    "ebitda": 3499000000,
    "ebitdaratio": 0.2215678825,
    "operatingIncome": 2512000000,
    "operatingIncomeRatio": 0.1590678825,
    "totalOtherIncomeExpensesNet": -987000000,
    "incomeBeforeTax": 2512000000,
    "incomeBeforeTaxRatio": 0.1590678825,
    "incomeTaxExpense": 579000000,
    "netIncome": 1933000000,
    "netIncomeRatio": 0.1224037487,
    "eps": 2.63,
    "epsdiluted": 2.62,
    "weightedAverageShsOut": 725000000,
    "weightedAverageShsOutDil": 726000000,
    "link": "https://www.sec.gov/Archives/edgar/data/4962/000000496224000013/0000004962-24-000013-index.htm",
    "finalLink": "https://www.sec.gov/Archives/edgar/data/4962/000000496224000013/axp-20231231.htm"
  },
  {
    "date": "2023-09-30",
    "symbol": "AXP",
    "reportedCurrency": "USD",
    "cik": "0000004962",
    "fillingDate": "2023-10-20",
    "acceptedDate": "2023-10-20 12:36:01",
    "calendarYear": "2023",
    "period": "Q3",
    "revenue": 15342000000,
    "costOfRevenue": 6486000000,
    "grossProfit": 8856000000,
    "grossProfitRatio": 0.5772389519,
    "researchAndDevelopmentExpenses": 0,
    "generalAndAdministrativeExpenses": 2047000000,
    "sellingAndMarketingExpenses": 1236000000,
    "sellingGeneralAndAdministrativeExpenses": 3283000000,
    "otherExpenses": -12281000000,
    "operatingExpenses": -12281000000,
    "costAndExpenses": -12281000000,
    "interestIncome": 5240000000,
    "interestExpense": 1798000000,
    "depreciationAndAmortization": 429000000,
    "ebitda": 4037000000,
    "ebitdaratio": 0.2631338808,
    "operatingIncome": 3100000000,
    "operatingIncomeRatio": 0.2020597054,
    "totalOtherIncomeExpensesNet": -937000000,
    "incomeBeforeTax": 3100000000,
    "incomeBeforeTaxRatio": 0.2020597054,
    "incomeTaxExpense": 649000000,
    "netIncome": 2451000000,
    "netIncomeRatio": 0.1597575284,
    "eps": 3.3,
    "epsdiluted": 3.3,
    "weightedAverageShsOut": 732000000,
    "weightedAverageShsOutDil": 733000000,
    "link": "https://www.sec.gov/Archives/edgar/data/4962/000000496223000038/0000004962-23-000038-index.htm",
    "finalLink": "https://www.sec.gov/Archives/edgar/data/4962/000000496223000038/axp-20230930.htm"
  },
  {
    "date": "2023-06-30",
    "symbol": "AXP",
    "reportedCurrency": "USD",
    "cik": "0000004962",
    "fillingDate": "2023-07-25",
    "acceptedDate": "2023-07-24 18:01:03",
    "calendarYear": "2023",
    "period": "Q2",
    "revenue": 15054000000,
    "costOfRevenue": 6501000000,
    "grossProfit": 8553000000,
    "grossProfitRatio": 0.5681546433,
    "researchAndDevelopmentExpenses": 0,
    "generalAndAdministrativeExpenses": 1875000000,
    "sellingAndMarketingExpenses": 1408000000,
    "sellingGeneralAndAdministrativeExpenses": 3283000000,
    "otherExpenses": -15603000000,
    "operatingExpenses": -12320000000,
    "costAndExpenses": -12320000000,
    "interestIncome": 4775000000,
    "interestExpense": 1670000000,
    "depreciationAndAmortization": 400000000,
    "ebitda": 3607000000,
    "ebitdaratio": 0.2396040919,
    "operatingIncome": 2734000000,
    "operatingIncomeRatio": 0.1816128604,
    "totalOtherIncomeExpensesNet": -873000000,
    "incomeBeforeTax": 2734000000,
    "incomeBeforeTaxRatio": 0.1816128604,
    "incomeTaxExpense": 560000000,
    "netIncome": 2174000000,
    "netIncomeRatio": 0.1444134449,
    "eps": 2.89,
    "epsdiluted": 2.89,
    "weightedAverageShsOut": 740000000,
    "weightedAverageShsOutDil": 741000000,
    "link": "https://www.sec.gov/Archives/edgar/data/4962/000000496223000028/0000004962-23-000028-index.htm",
    "finalLink": "https://www.sec.gov/Archives/edgar/data/4962/000000496223000028/axp-20230630.htm"
  },
  {
    "date": "2023-03-31",
    "symbol": "AXP",
    "reportedCurrency": "USD",
    "cik": "0000004962",
    "fillingDate": "2023-04-21",
    "acceptedDate": "2023-04-21 13:28:58",
    "calendarYear": "2023",
    "period": "Q1",
    "revenue": 14281000000,
    "costOfRevenue": 6143000000,
    "grossProfit": 8138000000,
    "grossProfitRatio": 0.5698480499,
    "researchAndDevelopmentExpenses": 0,
    "generalAndAdministrativeExpenses": 2014000000,
    "sellingAndMarketingExpenses": 1341000000,
    "sellingGeneralAndAdministrativeExpenses": 3355000000,
    "otherExpenses": -14436000000,
    "operatingExpenses": -11081000000,
    "costAndExpenses": -11081000000,
    "interestIncome": 4416000000,
    "interestExpense": 1433000000,
    "depreciationAndAmortization": 400000000,
    "ebitda": 3006000000,
    "ebitdaratio": 0.2104894615,
    "operatingIncome": 3200000000,
    "operatingIncomeRatio": 0.2240739444,
    "totalOtherIncomeExpensesNet": -839000000,
    "incomeBeforeTax": 2167000000,
    "incomeBeforeTaxRatio": 0.1517400742,
    "incomeTaxExpense": 351000000,
    "netIncome": 1816000000,
    "netIncomeRatio": 0.1271619634,
    "eps": 2.41,
    "epsdiluted": 2.4,
    "weightedAverageShsOut": 743000000,
    "weightedAverageShsOutDil": 744000000,
    "link": "https://www.sec.gov/Archives/edgar/data/4962/000000496223000016/0000004962-23-000016-index.htm",
    "finalLink": "https://www.sec.gov/Archives/edgar/data/4962/000000496223000016/axp-20230331.htm"
  },
  {
    "date": "2022-12-31",
    "symbol": "AXP",
    "reportedCurrency": "USD",
    "cik": "0000004962",
    "fillingDate": "2023-02-10",
    "acceptedDate": "2023-02-10 15:21:14",
    "calendarYear": "2022",
    "period": "Q4",
    "revenue": 14176000000,
    "costOfRevenue": 5806000000,
    "grossProfit": 8370000000,
    "grossProfitRatio": 0.5904345372,
    "researchAndDevelopmentExpenses": 0,
    "generalAndAdministrativeExpenses": 2034000000,
    "sellingAndMarketingExpenses": 1274000000,
    "sellingGeneralAndAdministrativeExpenses": 3308000000,
    "otherExpenses": -14824000000,
    "operatingExpenses": -11516000000,
    "costAndExpenses": -11516000000,
    "interestIncome": 3965000000,
    "interestExpense": 1207000000,
    "depreciationAndAmortization": 418000000,
    "ebitda": 2718000000,
    "ebitdaratio": 0.1917325056,
    "operatingIncome": 2660000000,
    "operatingIncomeRatio": 0.1876410835,
    "totalOtherIncomeExpensesNet": -847000000,
    "incomeBeforeTax": 1871000000,
    "incomeBeforeTaxRatio": 0.1319836343,
    "incomeTaxExpense": 299000000,
    "netIncome": 1572000000,
    "netIncomeRatio": 0.1108916479,
    "eps": 2.08,
    "epsdiluted": 2.07,
    "weightedAverageShsOut": 745000000,
    "weightedAverageShsOutDil": 746000000,
    "link": "https://www.sec.gov/Archives/edgar/data/4962/000000496223000006/0000004962-23-000006-index.htm",
    "finalLink": "https://www.sec.gov/Archives/edgar/data/4962/000000496223000006/axp-20221231.htm"
  },
  {
    "date": "2022-09-30",
    "symbol": "AXP",
    "reportedCurrency": "USD",
    "cik": "0000004962",
    "fillingDate": "2022-10-21",
    "acceptedDate": "2022-10-21 13:36:15",
    "calendarYear": "2022",
    "period": "Q3",
    "revenue": 13556000000,
    "costOfRevenue": 5198000000,
    "grossProfit": 8358000000,
    "grossProfitRatio": 0.6165535556,
    "researchAndDevelopmentExpenses": 0,
    "generalAndAdministrativeExpenses": 1748000000,
    "sellingAndMarketingExpenses": 1458000000,
    "sellingGeneralAndAdministrativeExpenses": 3206000000,
    "otherExpenses": -13507000000,
    "operatingExpenses": -10301000000,
    "costAndExpenses": -10301000000,
    "interestIncome": 3374000000,
    "interestExpense": 796000000,
    "depreciationAndAmortization": 413000000,
    "ebitda": 3228000000,
    "ebitdaratio": 0.2381233402,
    "operatingIncome": 3255000000,
    "operatingIncomeRatio": 0.2401150782,
    "totalOtherIncomeExpensesNet": -769000000,
    "incomeBeforeTax": 2459000000,
    "incomeBeforeTaxRatio": 0.1813956919,
    "incomeTaxExpense": 580000000,
    "netIncome": 1851000000,
    "netIncomeRatio": 0.1365447035,
    "eps": 2.47,
    "epsdiluted": 2.47,
    "weightedAverageShsOut": 748000000,
    "weightedAverageShsOutDil": 749000000,
    "link": "https://www.sec.gov/Archives/edgar/data/4962/000000496222000054/0000004962-22-000054-index.htm",
    "finalLink": "https://www.sec.gov/Archives/edgar/data/4962/000000496222000054/axp-20220930.htm"
  },
  {
    "date": "2022-06-30",
    "symbol": "AXP",
    "reportedCurrency": "USD",
    "cik": "0000004962",
    "fillingDate": "2022-07-22",
    "acceptedDate": "2022-07-22 12:34:27",
    "calendarYear": "2022",
    "period": "Q2",
    "revenue": 13395000000,
    "costOfRevenue": 4853000000,
    "grossProfit": 8542000000,
    "grossProfitRatio": 0.6377006346,
    "researchAndDevelopmentExpenses": 0,
    "generalAndAdministrativeExpenses": 1816000000,
    "sellingAndMarketingExpenses": 1502000000,
    "sellingGeneralAndAdministrativeExpenses": 3318000000,
    "otherExpenses": -13731000000,
    "operatingExpenses": -10413000000,
    "costAndExpenses": -10413000000,
    "interestIncome": 2799000000,
    "interestExpense": 439000000,
    "depreciationAndAmortization": 397000000,
    "ebitda": 3192000000,
    "ebitdaratio": 0.2382978723,
    "operatingIncome": 2982000000,
    "operatingIncomeRatio": 0.2226203807,
    "totalOtherIncomeExpensesNet": -649000000,
    "incomeBeforeTax": 2543000000,
    "incomeBeforeTaxRatio": 0.1898469578,
    "incomeTaxExpense": 579000000,
    "netIncome": 1934000000,
    "netIncomeRatio": 0.1443822322,
    "eps": 2.57,
    "epsdiluted": 2.57,
    "weightedAverageShsOut": 752000000,
    "weightedAverageShsOutDil": 753000000,
    "link": "https://www.sec.gov/Archives/edgar/data/4962/000000496222000041/0000004962-22-000041-index.htm",
    "finalLink": "https://www.sec.gov/Archives/edgar/data/4962/000000496222000041/axp-20220630.htm"
  },
  {
    "date": "2022-03-31",
    "symbol": "AXP",
    "reportedCurrency": "USD",
    "cik": "0000004962",
    "fillingDate": "2022-04-22",
    "acceptedDate": "2022-04-22 13:54:24",
    "calendarYear": "2022",
    "period": "Q1",
    "revenue": 11735000000,
    "costOfRevenue": 4257000000,
    "grossProfit": 7478000000,
    "grossProfitRatio": 0.6372390285,
    "researchAndDevelopmentExpenses": 0,
    "generalAndAdministrativeExpenses": 1654000000,
    "sellingAndMarketingExpenses": 1224000000,
    "sellingGeneralAndAdministrativeExpenses": 2878000000,
    "otherExpenses": -11580000000,
    "operatingExpenses": -8702000000,
    "costAndExpenses": -8702000000,
    "interestIncome": 2520000000,
    "interestExpense": 321000000,
    "depreciationAndAmortization": 398000000,
    "ebitda": 3306000000,
    "ebitdaratio": 0.2817213464,
    "operatingIncome": 3033000000,
    "operatingIncomeRatio": 0.2584576055,
    "totalOtherIncomeExpensesNet": -594000000,
    "incomeBeforeTax": 2712000000,
    "incomeBeforeTaxRatio": 0.2311035364,
    "incomeTaxExpense": 613000000,
    "netIncome": 2069000000,
    "netIncomeRatio": 0.1763101832,
    "eps": 2.73,
    "epsdiluted": 2.73,
    "weightedAverageShsOut": 757000000,
    "weightedAverageShsOutDil": 758000000,
    "link": "https://www.sec.gov/Archives/edgar/data/4962/000000496222000028/0000004962-22-000028-index.htm",
    "finalLink": "https://www.sec.gov/Archives/edgar/data/4962/000000496222000028/axp-20220331.htm"
  },
  {
    "date": "2021-12-31",
    "symbol": "AXP",
    "reportedCurrency": "USD",
    "cik": "0000004962",
    "fillingDate": "2022-02-11",
    "acceptedDate": "2022-02-11 15:42:21",
    "calendarYear": "2021",
    "period": "Q4",
    "revenue": 12145000000,
    "costOfRevenue": 4218000000,
    "grossProfit": 7927000000,
    "grossProfitRatio": 0.652696583,
    "researchAndDevelopmentExpenses": 0,
    "generalAndAdministrativeExpenses": 1654000000,
    "sellingAndMarketingExpenses": 2713000000,
    "sellingGeneralAndAdministrativeExpenses": 4367000000,
    "otherExpenses": -13914000000,
    "operatingExpenses": -9547000000,
    "costAndExpenses": -9547000000,
    "interestIncome": 2400000000,
    "interestExpense": 292000000,
    "depreciationAndAmortization": 419000000,
    "ebitda": 2915000000,
    "ebitdaratio": 0.2400164677,
    "operatingIncome": 2598000000,
    "operatingIncomeRatio": 0.2139151914,
    "totalOtherIncomeExpensesNet": -609000000,
    "incomeBeforeTax": 2306000000,
    "incomeBeforeTaxRatio": 0.1898723755,
    "incomeTaxExpense": 587000000,
    "netIncome": 1679000000,
    "netIncomeRatio": 0.1382461918,
    "eps": 2.24,
    "epsdiluted": 2.24,
    "weightedAverageShsOut": 768000000,
    "weightedAverageShsOutDil": 769000000,
    "link": "https://www.sec.gov/Archives/edgar/data/4962/000000496222000008/0000004962-22-000008-index.htm",
    "finalLink": "https://www.sec.gov/Archives/edgar/data/4962/000000496222000008/axp-20211231.htm"
  },
  {
    "date": "2021-09-30",
    "symbol": "AXP",
    "reportedCurrency": "USD",
    "cik": "0000004962",
    "fillingDate": "2021-10-22",
    "acceptedDate": "2021-10-22 14:59:47",
    "calendarYear": "2021",
    "period": "Q3",
    "revenue": 10928000000,
    "costOfRevenue": 4150000000,
    "grossProfit": 6778000000,
    "grossProfitRatio": 0.6202415813,
    "researchAndDevelopmentExpenses": 0,
    "generalAndAdministrativeExpenses": 1497000000,
    "sellingAndMarketingExpenses": 2355000000,
    "sellingGeneralAndAdministrativeExpenses": 3852000000,
    "otherExpenses": -12023000000,
    "operatingExpenses": -8171000000,
    "costAndExpenses": -8171000000,
    "interestIncome": 2301000000,
    "interestExpense": 307000000,
    "depreciationAndAmortization": 442000000,
    "ebitda": 3091000000,
    "ebitdaratio": 0.2828513909,
    "operatingIncome": 2757000000,
    "operatingIncomeRatio": 0.2522877013,
    "totalOtherIncomeExpensesNet": -641000000,
    "incomeBeforeTax": 2450000000,
    "incomeBeforeTaxRatio": 0.2241947291,
    "incomeTaxExpense": 624000000,
    "netIncome": 1783000000,
    "netIncomeRatio": 0.163158858,
    "eps": 2.27,
    "epsdiluted": 2.27,
    "weightedAverageShsOut": 786000000,
    "weightedAverageShsOutDil": 787000000,
    "link": "https://www.sec.gov/Archives/edgar/data/4962/000000496221000060/0000004962-21-000060-index.htm",
    "finalLink": "https://www.sec.gov/Archives/edgar/data/4962/000000496221000060/axp-20210930.htm"
  },
  {
    "date": "2021-06-30",
    "symbol": "AXP",
    "reportedCurrency": "USD",
    "cik": "0000004962",
    "fillingDate": "2021-07-23",
    "acceptedDate": "2021-07-23 12:05:06",
    "calendarYear": "2021",
    "period": "Q2",
    "revenue": 10271000000,
    "costOfRevenue": 3669000000,
    "grossProfit": 6602000000,
    "grossProfitRatio": 0.6427806445,
    "researchAndDevelopmentExpenses": 0,
    "generalAndAdministrativeExpenses": 1539000000,
    "sellingAndMarketingExpenses": 2219000000,
    "sellingGeneralAndAdministrativeExpenses": 3758000000,
    "otherExpenses": -10767000000,
    "operatingExpenses": -7009000000,
    "costAndExpenses": -7009000000,
    "interestIncome": 2140000000,
    "interestExpense": 322000000,
    "depreciationAndAmortization": 412000000,
    "ebitda": 3562000000,
    "ebitdaratio": 0.3468016746,
    "operatingIncome": 3262000000,
    "operatingIncomeRatio": 0.3175932236,
    "totalOtherIncomeExpensesNet": -622000000,
    "incomeBeforeTax": 2940000000,
    "incomeBeforeTaxRatio": 0.2862428196,
    "incomeTaxExpense": 660000000,
    "netIncome": 2249000000,
    "netIncomeRatio": 0.2189660208,
    "eps": 2.81,
    "epsdiluted": 2.8,
    "weightedAverageShsOut": 801000000,
    "weightedAverageShsOutDil": 802000000,
    "link": "https://www.sec.gov/Archives/edgar/data/4962/000000496221000042/0000004962-21-000042-index.htm",
    "finalLink": "https://www.sec.gov/Archives/edgar/data/4962/000000496221000042/axp-20210630.htm"
  },
  {
    "date": "2021-03-31",
    "symbol": "AXP",
    "reportedCurrency": "USD",
    "cik": "0000004962",
    "fillingDate": "2021-04-23",
    "acceptedDate": "2021-04-23 12:23:33",
    "calendarYear": "2021",
    "period": "Q1",
    "revenue": 9179000000,
    "costOfRevenue": 0,
    "grossProfit": 9179000000,
    "grossProfitRatio": 1,
    "researchAndDevelopmentExpenses": 0,
    "generalAndAdministrativeExpenses": 1550000000,
    "sellingAndMarketingExpenses": 1766000000,
    "sellingGeneralAndAdministrativeExpenses": 3316000000,
    "otherExpenses": -9140000000,
    "operatingExpenses": -5824000000,
    "costAndExpenses": -5824000000,
    "interestIncome": 2192000000,
    "interestExpense": 362000000,
    "depreciationAndAmortization": 422000000,
    "ebitda": 3641000000,
    "ebitdaratio": 0.3966663035,
    "operatingIncome": 3355000000,
    "operatingIncomeRatio": 0.3655082253,
    "totalOtherIncomeExpensesNet": -648000000,
    "incomeBeforeTax": 2993000000,
    "incomeBeforeTaxRatio": 0.326070378,
    "incomeTaxExpense": 758000000,
    "netIncome": 2206000000,
    "netIncomeRatio": 0.2403311908,
    "eps": 2.74,
    "epsdiluted": 2.74,
    "weightedAverageShsOut": 804000000,
    "weightedAverageShsOutDil": 805000000,
    "link": "https://www.sec.gov/Archives/edgar/data/4962/000000496221000028/0000004962-21-000028-index.htm",
    "finalLink": "https://www.sec.gov/Archives/edgar/data/4962/000000496221000028/axp-20210331.htm"
  },
  {
    "date": "2020-12-31",
    "symbol": "AXP",
    "reportedCurrency": "USD",
    "cik": "0000004962",
    "fillingDate": "2021-02-12",
    "acceptedDate": "2021-02-12 14:26:54",
    "calendarYear": "2020",
    "period": "Q4",
    "revenue": 9351000000,
    "costOfRevenue": 0,
    "grossProfit": 9351000000,
    "grossProfitRatio": 1,
    "researchAndDevelopmentExpenses": 0,
    "generalAndAdministrativeExpenses": 1566000000,
    "sellingAndMarketingExpenses": 1858000000,
    "sellingGeneralAndAdministrativeExpenses": 3424000000,
    "otherExpenses": -10527000000,
    "operatingExpenses": -7103000000,
    "costAndExpenses": -7103000000,
    "interestIncome": 2287000000,
    "interestExpense": 390000000,
    "depreciationAndAmortization": 428000000,
    "ebitda": 2518000000,
    "ebitdaratio": 0.2692760133,
    "operatingIncome": 2248000000,
    "operatingIncomeRatio": 0.240402096,
    "totalOtherIncomeExpensesNet": -660000000,
    "incomeBeforeTax": 1858000000,
    "incomeBeforeTaxRatio": 0.1986953267,
    "incomeTaxExpense": 420000000,
    "netIncome": 1414000000,
    "netIncomeRatio": 0.1512137739,
    "eps": 1.76,
    "epsdiluted": 1.76,
    "weightedAverageShsOut": 805000000,
    "weightedAverageShsOutDil": 806000000,
    "link": "https://www.sec.gov/Archives/edgar/data/4962/000000496221000013/0000004962-21-000013-index.htm",
    "finalLink": "https://www.sec.gov/Archives/edgar/data/4962/000000496221000013/axp-20201231.htm"
  },
  {
    "date": "2020-09-30",
    "symbol": "AXP",
    "reportedCurrency": "USD",
    "cik": "0000004962",
    "fillingDate": "2020-10-23",
    "acceptedDate": "2020-10-23 12:01:09",
    "calendarYear": "2020",
    "period": "Q3",
    "revenue": 8751000000,
    "costOfRevenue": 0,
    "grossProfit": 8751000000,
    "grossProfitRatio": 1,
    "researchAndDevelopmentExpenses": 0,
    "generalAndAdministrativeExpenses": 1408000000,
    "sellingAndMarketingExpenses": 1822000000,
    "sellingGeneralAndAdministrativeExpenses": 3230000000,
    "otherExpenses": -10167000000,
    "operatingExpenses": -6937000000,
    "costAndExpenses": -6937000000,
    "interestIncome": 2324000000,
    "interestExpense": 450000000,
    "depreciationAndAmortization": 404000000,
    "ebitda": 2015000000,
    "ebitdaratio": 0.2302593989,
    "operatingIncome": 1814000000,
    "operatingIncomeRatio": 0.2072905954,
    "totalOtherIncomeExpensesNet": -651000000,
    "incomeBeforeTax": 1364000000,
    "incomeBeforeTaxRatio": 0.1558679008,
    "incomeTaxExpense": 291000000,
    "netIncome": 1050000000,
    "netIncomeRatio": 0.1199862873,
    "eps": 1.31,
    "epsdiluted": 1.3,
    "weightedAverageShsOut": 804000000,
    "weightedAverageShsOutDil": 805000000,
    "link": "https://www.sec.gov/Archives/edgar/data/4962/000000496220000098/0000004962-20-000098-index.htm",
    "finalLink": "https://www.sec.gov/Archives/edgar/data/4962/000000496220000098/axp-20200930.htm"
  },
  {
    "date": "2020-06-30",
    "symbol": "AXP",
    "reportedCurrency": "USD",
    "cik": "0000004962",
    "fillingDate": "2020-07-24",
    "acceptedDate": "2020-07-24 13:23:32",
    "calendarYear": "2020",
    "period": "Q2",
    "revenue": 7675000000,
    "costOfRevenue": 0,
    "grossProfit": 7675000000,
    "grossProfitRatio": 1,
    "researchAndDevelopmentExpenses": 0,
    "generalAndAdministrativeExpenses": 1349000000,
    "sellingAndMarketingExpenses": 1362000000,
    "sellingGeneralAndAdministrativeExpenses": 2711000000,
    "otherExpenses": -9222000000,
    "operatingExpenses": -6511000000,
    "costAndExpenses": -6511000000,
    "interestIncome": 2426000000,
    "interestExpense": 542000000,
    "depreciationAndAmortization": 374000000,
    "ebitda": 1272000000,
    "ebitdaratio": 0.165732899,
    "operatingIncome": 1164000000,
    "operatingIncomeRatio": 0.1516612378,
    "totalOtherIncomeExpensesNet": -650000000,
    "incomeBeforeTax": 622000000,
    "incomeBeforeTaxRatio": 0.0810423453,
    "incomeTaxExpense": 365000000,
    "netIncome": 238000000,
    "netIncomeRatio": 0.031009772,
    "eps": 0.29,
    "epsdiluted": 0.29,
    "weightedAverageShsOut": 804000000,
    "weightedAverageShsOutDil": 805000000,
    "link": "https://www.sec.gov/Archives/edgar/data/4962/000000496220000079/0000004962-20-000079-index.htm",
    "finalLink": "https://www.sec.gov/Archives/edgar/data/4962/000000496220000079/axp-20200630.htm"
  },
  {
    "date": "2020-03-31",
    "symbol": "AXP",
    "reportedCurrency": "USD",
    "cik": "0000004962",
    "fillingDate": "2020-04-24",
    "acceptedDate": "2020-04-24 15:51:23",
    "calendarYear": "2020",
    "period": "Q1",
    "revenue": 10310000000,
    "costOfRevenue": 0,
    "grossProfit": 10310000000,
    "grossProfitRatio": 1,
    "researchAndDevelopmentExpenses": 0,
    "generalAndAdministrativeExpenses": 1395000000,
    "sellingAndMarketingExpenses": 1705000000,
    "sellingGeneralAndAdministrativeExpenses": 3100000000,
    "otherExpenses": -12242000000,
    "operatingExpenses": -9142000000,
    "costAndExpenses": -9142000000,
    "interestIncome": 3046000000,
    "interestExpense": 716000000,
    "depreciationAndAmortization": 337000000,
    "ebitda": 1193000000,
    "ebitdaratio": 0.1157129001,
    "operatingIncome": 1168000000,
    "operatingIncomeRatio": 0.1132880698,
    "totalOtherIncomeExpensesNet": -741000000,
    "incomeBeforeTax": 452000000,
    "incomeBeforeTaxRatio": 0.0438409311,
    "incomeTaxExpense": 85000000,
    "netIncome": 333000000,
    "netIncomeRatio": 0.0322987391,
    "eps": 0.41,
    "epsdiluted": 0.41,
    "weightedAverageShsOut": 807000000,
    "weightedAverageShsOutDil": 808000000,
    "link": "https://www.sec.gov/Archives/edgar/data/4962/000000496220000054/0000004962-20-000054-index.htm",
    "finalLink": "https://www.sec.gov/Archives/edgar/data/4962/000000496220000054/axp-20200331.htm"
  }
]