[
  {
    "date": "2024-12-31",
    "symbol": "BAC",
    "reportedCurrency": "USD",
    "cik": "0000070858",
    "fillingDate": "2025-02-25",
    "acceptedDate": "2025-02-25 17:07:15",
    "calendarYear": "2024",
    "period": "FY",
    "revenue": 101887000000,
    "costOfRevenue": 0,
    "grossProfit": 101887000000,
    "grossProfitRatio": 1,
    "researchAndDevelopmentExpenses": 0,
    "generalAndAdministrativeExpenses": 44873000000,
    "sellingAndMarketingExpenses": 5450000000,
    "sellingGeneralAndAdministrativeExpenses": 50323000000,
    "otherExpenses": 22310000000,
    "operatingExpenses": 72633000000,
    "costAndExpenses": 72633000000,
    "interestIncome": 146607000000,
    "interestExpense": 90547000000,
    "depreciationAndAmortization": 0,
    "ebitda": 29254000000,
    "ebitdaratio": 0.2871220077,
    "operatingIncome": 29254000000,
    "operatingIncomeRatio": 0.2871220077,
    "totalOtherIncomeExpensesNet": 0,
    "incomeBeforeTax": 29254000000,
    "incomeBeforeTaxRatio": 0.2871220077,
    "incomeTaxExpense": 2122000000,
    "netIncome": 27132000000,
    "netIncomeRatio": 0.2662950131,
    "eps": 3.25,
    "epsdiluted": 3.22,
    "weightedAverageShsOut": 7738400000,
    "weightedAverageShsOutDil": 7843700000,
    "link": "https://www.sec.gov/Archives/edgar/data/70858/000007085825000139/0000070858-25-000139-index.htm",
    "finalLink": "https://www.sec.gov/Archives/edgar/data/70858/000007085825000139/bac-20241231.htm"
  },
  {
    "date": "2023-12-31",
    "symbol": "BAC",
    "reportedCurrency": "USD",
    "cik": "0000070858",
    "fillingDate": "2024-02-20",
    "acceptedDate": "2024-02-20 17:01:30",
    "calendarYear": "2023",
    "period": "FY",
    "revenue": 98581000000,
    "costOfRevenue": 0,
    "grossProfit": 98581000000,
    "grossProfitRatio": 1,
    "researchAndDevelopmentExpenses": 0,
    "generalAndAdministrativeExpenses": 42180000000,
    "sellingAndMarketingExpenses": 5535000000,
    "sellingGeneralAndAdministrativeExpenses": 47715000000,
    "otherExpenses": 22524000000,
    "operatingExpenses": 70239000000,
    "costAndExpenses": 70239000000,
    "interestIncome": 130262000000,
    "interestExpense": 73331000000,
    "depreciationAndAmortization": 2057000000,
    "ebitda": 30399000000,
    "ebitdaratio": 0.3083657094,
    "operatingIncome": 28342000000,
    "operatingIncomeRatio": 0.2874996196,
    "totalOtherIncomeExpensesNet": 0,
    "incomeBeforeTax": 28342000000,
    "incomeBeforeTaxRatio": 0.2874996196,
    "incomeTaxExpense": 1827000000,
    "netIncome": 26515000000,
    "netIncomeRatio": 0.2689666366,
    "eps": 3.1,
    "epsdiluted": 3.08,
    "weightedAverageShsOut": 8028600000,
    "weightedAverageShsOutDil": 8080500000,
    "link": "https://www.sec.gov/Archives/edgar/data/70858/000007085824000122/0000070858-24-000122-index.htm",
    "finalLink": "https://www.sec.gov/Archives/edgar/data/70858/000007085824000122/bac-20231231.htm"
  },
  {
    "date": "2022-12-31",
    "symbol": "BAC",
    "reportedCurrency": "USD",
    "cik": "0000070858",
    "fillingDate": "2023-02-22",
    "acceptedDate": "2023-02-22 16:33:50",
    "calendarYear": "2022",
    "period": "FY",
    "revenue": 94950000000,
    "costOfRevenue": 0,
    "grossProfit": 94950000000,
    "grossProfitRatio": 1,
    "researchAndDevelopmentExpenses": 0,
    "generalAndAdministrativeExpenses": 40468000000,
    "sellingAndMarketingExpenses": 5478000000,
    "sellingGeneralAndAdministrativeExpenses": 45946000000,
    "otherExpenses": 18035000000,
    "operatingExpenses": 63981000000,
    "costAndExpenses": 63981000000,
    "interestIncome": 72565000000,
    "interestExpense": 20103000000,
    "depreciationAndAmortization": 1978000000,
    "ebitda": 32947000000,
    "ebitdaratio": 0.3469931543,
    "operatingIncome": 30969000000,
    "operatingIncomeRatio": 0.3261611374,
    "totalOtherIncomeExpensesNet": 0,
    "incomeBeforeTax": 30969000000,
    "incomeBeforeTaxRatio": 0.3261611374,
    "incomeTaxExpense": 3441000000,
    "netIncome": 27528000000,
    "netIncomeRatio": 0.2899210111,
    "eps": 3.21,
    "epsdiluted": 3.19,
    "weightedAverageShsOut": 8113700000,
    "weightedAverageShsOutDil": 8167500000,
    "link": "https://www.sec.gov/Archives/edgar/data/70858/000007085823000092/0000070858-23-000092-index.htm",
    "finalLink": "https://www.sec.gov/Archives/edgar/data/70858/000007085823000092/bac-20221231.htm"
  },
  {
    "date": "2021-12-31",
    "symbol": "BAC",
    "reportedCurrency": "USD",
    "cik": "0000070858",
    "fillingDate": "2022-02-22",
    "acceptedDate": "2022-02-22 17:15:02",
    "calendarYear": "2021",
    "period": "FY",
    "revenue": 89113000000,
    "costOfRevenue": 0,
    "grossProfit": 89113000000,
    "grossProfitRatio": 1,
    "researchAndDevelopmentExpenses": 0,
    "generalAndAdministrativeExpenses": 39229000000,
    "sellingAndMarketingExpenses": 5820000000,
    "sellingGeneralAndAdministrativeExpenses": 45049000000,
    "otherExpenses": 10088000000,
    "operatingExpenses": 55137000000,
    "costAndExpenses": 55137000000,
    "interestIncome": 47672000000,
    "interestExpense": 4738000000,
    "depreciationAndAmortization": 1898000000,
    "ebitda": 35874000000,
    "ebitdaratio": 0.4025675266,
    "operatingIncome": 33976000000,
    "operatingIncomeRatio": 0.3812687262,
    "totalOtherIncomeExpensesNet": 0,
    "incomeBeforeTax": 33976000000,
    "incomeBeforeTaxRatio": 0.3812687262,
    "incomeTaxExpense": 1998000000,
    "netIncome": 31978000000,
    "netIncomeRatio": 0.3588477551,
    "eps": 3.6,
    "epsdiluted": 3.57,
    "weightedAverageShsOut": 8493299999,
    "weightedAverageShsOutDil": 8558400000,
    "link": "https://www.sec.gov/Archives/edgar/data/70858/000007085822000062/0000070858-22-000062-index.htm",
    "finalLink": "https://www.sec.gov/Archives/edgar/data/70858/000007085822000062/bac-20211231.htm"
  },
  {
    "date": "2020-12-31",
    "symbol": "BAC",
    "reportedCurrency": "USD",
    "cik": "0000070858",
    "fillingDate": "2021-02-24",
    "acceptedDate": "2021-02-24 16:56:31",
    "calendarYear": "2020",
    "period": "FY",
    "revenue": 85528000000,
    "costOfRevenue": 0,
    "grossProfit": 85528000000,
    "grossProfitRatio": 1,
    "researchAndDevelopmentExpenses": 0,
    "generalAndAdministrativeExpenses": 36022000000,
    "sellingAndMarketingExpenses": 5134000000,
    "sellingGeneralAndAdministrativeExpenses": 41156000000,
    "otherExpenses": 25377000000,
    "operatingExpenses": 66533000000,
    "costAndExpenses": 66533000000,
    "interestIncome": 51585000000,
    "interestExpense": 8225000000,
    "depreciationAndAmortization": 1843000000,
    "ebitda": 20838000000,
    "ebitdaratio": 0.2436395099,
    "operatingIncome": 18995000000,
    "operatingIncomeRatio": 0.2220910111,
    "totalOtherIncomeExpensesNet": 0,
    "incomeBeforeTax": 18995000000,
    "incomeBeforeTaxRatio": 0.2220910111,
    "incomeTaxExpense": 1101000000,
    "netIncome": 17894000000,
    "netIncomeRatio": 0.2092180339,
    "eps": 1.88,
    "epsdiluted": 1.87,
    "weightedAverageShsOut": 8753200000,
    "weightedAverageShsOutDil": 8796900000,
    "link": "https://www.sec.gov/Archives/edgar/data/70858/000007085821000023/0000070858-21-000023-index.htm",
    "finalLink": "https://www.sec.gov/Archives/edgar/data/70858/000007085821000023/bac-20201231.htm"
  },
  {
    "date": "2019-12-31",
    "symbol": "BAC",
    "reportedCurrency": "USD",
    "cik": "0000070858",
    "fillingDate": "2020-02-19",
    "acceptedDate": "2020-02-19 16:18:13",
    "calendarYear": "2019",
    "period": "FY",
    "revenue": 91244000000,
    "costOfRevenue": 0,
    "grossProfit": 91244000000,
    "grossProfitRatio": 1,
    "researchAndDevelopmentExpenses": 0,
    "generalAndAdministrativeExpenses": 37373000000,
    "sellingAndMarketingExpenses": 4696000000,
    "sellingGeneralAndAdministrativeExpenses": 42069000000,
    "otherExpenses": 16421000000,
    "operatingExpenses": 58490000000,
    "costAndExpenses": 58490000000,
    "interestIncome": 71236000000,
    "interestExpense": 22345000000,
    "depreciationAndAmortization": 1729000000,
    "ebitda": 34483000000,
    "ebitdaratio": 0.37792074,
    "operatingIncome": 32754000000,
    "operatingIncomeRatio": 0.3589715488,
    "totalOtherIncomeExpensesNet": 0,
    "incomeBeforeTax": 32754000000,
    "incomeBeforeTaxRatio": 0.3589715488,
    "incomeTaxExpense": 5324000000,
    "netIncome": 27430000000,
    "netIncomeRatio": 0.3006225067,
    "eps": 2.77,
    "epsdiluted": 2.75,
    "weightedAverageShsOut": 9390500000,
    "weightedAverageShsOutDil": 9442900000,
    "link": "https://www.sec.gov/Archives/edgar/data/70858/000007085820000011/0000070858-20-000011-index.htm",
    "finalLink": "https://www.sec.gov/Archives/edgar/data/70858/000007085820000011/bac-1231201910xk.htm"
  },
  {
    "date": "2018-12-31",
    "symbol": "BAC",
    "reportedCurrency": "USD",
    "cik": "0000070858",
    "fillingDate": "2019-02-26",
    "acceptedDate": "2019-02-26 16:38:01",
    "calendarYear": "2018",
    "period": "FY",
    "revenue": 91020000000,
    "costOfRevenue": 0,
    "grossProfit": 91020000000,
    "grossProfitRatio": 1,
    "researchAndDevelopmentExpenses": 0,
    "generalAndAdministrativeExpenses": 35989000000,
    "sellingAndMarketingExpenses": 4531000000,
    "sellingGeneralAndAdministrativeExpenses": 40520000000,
    "otherExpenses": 15916000000,
    "operatingExpenses": 56436000000,
    "costAndExpenses": 56436000000,
    "interestIncome": 66769000000,
    "interestExpense": 18607000000,
    "depreciationAndAmortization": 2063000000,
    "ebitda": 36647000000,
    "ebitdaratio": 0.4026257965,
    "operatingIncome": 34584000000,
    "operatingIncomeRatio": 0.3799604483,
    "totalOtherIncomeExpensesNet": 0,
    "incomeBeforeTax": 34584000000,
    "incomeBeforeTaxRatio": 0.3799604483,
    "incomeTaxExpense": 6437000000,
    "netIncome": 28147000000,
    "netIncomeRatio": 0.3092397275,
    "eps": 2.64,
    "epsdiluted": 2.61,
    "weightedAverageShsOut": 10096500000,
    "weightedAverageShsOutDil": 10236900000,
    "link": "https://www.sec.gov/Archives/edgar/data/70858/000007085819000012/0000070858-19-000012-index.htm",
    "finalLink": "https://www.sec.gov/Archives/edgar/data/70858/000007085819000012/bac-1231201810xk.htm"
  },
  {
    "date": "2017-12-31",
    "symbol": "BAC",
    "reportedCurrency": "USD",
    "cik": "0000070858",
    "fillingDate": "2018-02-22",
    "acceptedDate": "2018-02-22 16:10:05",
    "calendarYear": "2017",
    "period": "FY",
    "revenue": 87126000000,
    "costOfRevenue": 0,
    "grossProfit": 87126000000,
    "grossProfitRatio": 1,
    "researchAndDevelopmentExpenses": 0,
    "generalAndAdministrativeExpenses": 37048000000,
    "sellingAndMarketingExpenses": 4787000000,
    "sellingGeneralAndAdministrativeExpenses": 41835000000,
    "otherExpenses": 16078000000,
    "operatingExpenses": 57913000000,
    "costAndExpenses": 57913000000,
    "interestIncome": 57579000000,
    "interestExpense": 12340000000,
    "depreciationAndAmortization": 2103000000,
    "ebitda": 31316000000,
    "ebitdaratio": 0.3594334642,
    "operatingIncome": 29213000000,
    "operatingIncomeRatio": 0.3352960081,
    "totalOtherIncomeExpensesNet": 0,
    "incomeBeforeTax": 29213000000,
    "incomeBeforeTaxRatio": 0.3352960081,
    "incomeTaxExpense": 10981000000,
    "netIncome": 18232000000,
    "netIncomeRatio": 0.209260152,
    "eps": 1.63,
    "epsdiluted": 1.56,
    "weightedAverageShsOut": 10195600000,
    "weightedAverageShsOutDil": 10778400000,
    "link": "https://www.sec.gov/Archives/edgar/data/70858/000007085818000009/0000070858-18-000009-index.htm",
    "finalLink": "https://www.sec.gov/Archives/edgar/data/70858/000007085818000009/bac-1231201710xk.htm"
  },
  {
    "date": "2016-12-31",
    "symbol": "BAC",
    "reportedCurrency": "USD",
    "cik": "0000070858",
    "fillingDate": "2017-02-23",
    "acceptedDate": "2017-02-23 16:11:19",
    "calendarYear": "2016",
    "period": "FY",
    "revenue": 83701000000,
    "costOfRevenue": 0,
    "grossProfit": 83701000000,
    "grossProfitRatio": 1,
    "researchAndDevelopmentExpenses": 0,
    "generalAndAdministrativeExpenses": 45567000000,
    "sellingAndMarketingExpenses": 1703000000,
    "sellingGeneralAndAdministrativeExpenses": 47270000000,
    "otherExpenses": 11410000000,
    "operatingExpenses": 58680000000,
    "costAndExpenses": 58680000000,
    "interestIncome": 51057000000,
    "interestExpense": 9961000000,
    "depreciationAndAmortization": 2241000000,
    "ebitda": 27262000000,
    "ebitdaratio": 0.3257069808,
    "operatingIncome": 25021000000,
    "operatingIncomeRatio": 0.2989331071,
    "totalOtherIncomeExpensesNet": 0,
    "incomeBeforeTax": 25021000000,
    "incomeBeforeTaxRatio": 0.2989331071,
    "incomeTaxExpense": 7199000000,
    "netIncome": 17822000000,
    "netIncomeRatio": 0.2129245768,
    "eps": 1.58,
    "epsdiluted": 1.5,
    "weightedAverageShsOut": 10284100000,
    "weightedAverageShsOutDil": 11046800000,
    "link": "https://www.sec.gov/Archives/edgar/data/70858/000007085817000013/0000070858-17-000013-index.htm",
    "finalLink": "https://www.sec.gov/Archives/edgar/data/70858/000007085817000013/bac-1231201610xk.htm"
  },
  {
    "date": "2015-12-31",
    "symbol": "BAC",
    "reportedCurrency": "USD",
    "cik": "0000070858",
    "fillingDate": "2016-02-24",
    "acceptedDate": "2016-02-24 16:47:44",
    "calendarYear": "2015",
    "period": "FY",
    "revenue": 82965000000,
    "costOfRevenue": 0,
    "grossProfit": 82965000000,
    "grossProfitRatio": 1,
    "researchAndDevelopmentExpenses": 0,
    "generalAndAdministrativeExpenses": 47410000000,
    "sellingAndMarketingExpenses": 1811000000,
    "sellingGeneralAndAdministrativeExpenses": 49221000000,
    "otherExpenses": 11557000000,
    "operatingExpenses": 60778000000,
    "costAndExpenses": 60778000000,
    "interestIncome": 49507000000,
    "interestExpense": 10549000000,
    "depreciationAndAmortization": 2389000000,
    "ebitda": 24576000000,
    "ebitdaratio": 0.2962212981,
    "operatingIncome": 22187000000,
    "operatingIncomeRatio": 0.267426023,
    "totalOtherIncomeExpensesNet": 0,
    "incomeBeforeTax": 22187000000,
    "incomeBeforeTaxRatio": 0.267426023,
    "incomeTaxExpense": 6277000000,
    "netIncome": 15910000000,
    "netIncomeRatio": 0.1917676128,
    "eps": 1.38,
    "epsdiluted": 1.31,
    "weightedAverageShsOut": 10462282000,
    "weightedAverageShsOutDil": 11236230000,
    "link": "https://www.sec.gov/Archives/edgar/data/70858/000007085816000137/0000070858-16-000137-index.htm",
    "finalLink": "https://www.sec.gov/Archives/edgar/data/70858/000007085816000137/bac-1231201510xk.htm"
  }
]