[
  {
    "date": "2024-12-31",
    "symbol": "BABA",
    "reportedCurrency": "CNY",
    "cik": "0001577552",
    "fillingDate": "2025-02-20",
    "acceptedDate": "2025-02-20 16:01:15",
    "calendarYear": "2025",
    "period": "Q3",
    "revenue": 280154000000,
    "costOfRevenue": 162524000000,
    "grossProfit": 117630000000,
    "grossProfitRatio": 0.4198762109,
    "researchAndDevelopmentExpenses": 14662000000,
    "generalAndAdministrativeExpenses": 10851000000,
    "sellingAndMarketingExpenses": 42675000000,
    "sellingGeneralAndAdministrativeExpenses": 53526000000,
    "otherExpenses": 8237000000,
    "operatingExpenses": 76425000000,
    "costAndExpenses": 238949000000,
    "interestIncome": 0,
    "interestExpense": 0,
    "depreciationAndAmortization": 2062000000,
    "ebitda": 49438000000,
    "ebitdaratio": 0.1764672287,
    "operatingIncome": 41205000000,
    "operatingIncomeRatio": 0.1470798204,
    "totalOtherIncomeExpensesNet": 16378000000,
    "incomeBeforeTax": 57583000000,
    "incomeBeforeTaxRatio": 0.2055405241,
    "incomeTaxExpense": 11149000000,
    "netIncome": 49127000000,
    "netIncomeRatio": 0.175357125,
    "eps": 2.54,
    "epsdiluted": 2.548,
    "weightedAverageShsOut": 19265490192,
    "weightedAverageShsOutDil": 19200000000,
    "link": "https://www.sec.gov/Archives/edgar/data/1577552/000110465925015648/0001104659-25-015648-index.htm",
    "finalLink": "https://www.sec.gov/Archives/edgar/data/1577552/000110465925015648/tm257183d1_ex99-1.htm"
  },
  {
    "date": "2024-09-30",
    "symbol": "BABA",
    "reportedCurrency": "CNY",
    "cik": "0001577552",
    "fillingDate": "2024-11-15",
    "acceptedDate": "2024-11-15 16:01:12",
    "calendarYear": "2025",
    "period": "Q2",
    "revenue": 236503000000,
    "costOfRevenue": 144029000000,
    "grossProfit": 92474000000,
    "grossProfitRatio": 0.3910056109,
    "researchAndDevelopmentExpenses": 14182000000,
    "generalAndAdministrativeExpenses": 9777000000,
    "sellingAndMarketingExpenses": 32471000000,
    "sellingGeneralAndAdministrativeExpenses": 42248000000,
    "otherExpenses": 798000000,
    "operatingExpenses": 57228000000,
    "costAndExpenses": 201257000000,
    "interestIncome": 18607000000,
    "interestExpense": 2427000000,
    "depreciationAndAmortization": 1649000000,
    "ebitda": 54024000000,
    "ebitdaratio": 0.228428392,
    "operatingIncome": 35246000000,
    "operatingIncomeRatio": 0.149029822,
    "totalOtherIncomeExpensesNet": 14702000000,
    "incomeBeforeTax": 49948000000,
    "incomeBeforeTaxRatio": 0.2111939383,
    "incomeTaxExpense": 7379000000,
    "netIncome": 44033000000,
    "netIncomeRatio": 0.1861836848,
    "eps": 2.224,
    "epsdiluted": 2.24,
    "weightedAverageShsOut": 19732538744,
    "weightedAverageShsOutDil": 19595000000,
    "link": "https://www.sec.gov/Archives/edgar/data/1577552/000110465924119688/0001104659-24-119688-index.htm",
    "finalLink": "https://www.sec.gov/Archives/edgar/data/1577552/000110465924119688/tm2428590d1_ex99-1.htm"
  },
  {
    "date": "2024-06-30",
    "symbol": "BABA",
    "reportedCurrency": "CNY",
    "cik": "0001577552",
    "fillingDate": "2024-08-15",
    "acceptedDate": "2024-08-15 16:01:28",
    "calendarYear": "2025",
    "period": "Q1",
    "revenue": 243236000000,
    "costOfRevenue": 147898000000,
    "grossProfit": 95338000000,
    "grossProfitRatio": 0.3919567827,
    "researchAndDevelopmentExpenses": 13373000000,
    "generalAndAdministrativeExpenses": 10135000000,
    "sellingAndMarketingExpenses": 32696000000,
    "sellingGeneralAndAdministrativeExpenses": 42831000000,
    "otherExpenses": 4937000000,
    "operatingExpenses": 61141000000,
    "costAndExpenses": 207247000000,
    "interestIncome": 0,
    "interestExpense": 2188000000,
    "depreciationAndAmortization": 1792000000,
    "ebitda": 36560000000,
    "ebitdaratio": 0.150306698,
    "operatingIncome": 35989000000,
    "operatingIncomeRatio": 0.1479591837,
    "totalOtherIncomeExpensesNet": -3409000000,
    "incomeBeforeTax": 32580000000,
    "incomeBeforeTaxRatio": 0.1339439886,
    "incomeTaxExpense": 10063000000,
    "netIncome": 24390000000,
    "netIncomeRatio": 0.1002729859,
    "eps": 1.227,
    "epsdiluted": 1.236,
    "weightedAverageShsOut": 19732538744,
    "weightedAverageShsOutDil": 19595000000,
    "link": "https://www.sec.gov/Archives/edgar/data/1577552/000110465924090102/0001104659-24-090102-index.htm",
    "finalLink": "https://www.sec.gov/Archives/edgar/data/1577552/000110465924090102/tm2421791d1_ex99-1.htm"
  },
  {
    "date": "2024-03-31",
    "symbol": "BABA",
    "reportedCurrency": "CNY",
    "cik": "0001577552",
    "fillingDate": "2024-02-07",
    "acceptedDate": "2024-02-07 16:05:02",
    "calendarYear": "2024",
    "period": "Q4",
    "revenue": 221874000000,
    "costOfRevenue": 150179000000,
    "grossProfit": 71695000000,
    "grossProfitRatio": 0.3231338507,
    "researchAndDevelopmentExpenses": 14085000000,
    "generalAndAdministrativeExpenses": 14019000000,
    "sellingAndMarketingExpenses": 28826000000,
    "sellingGeneralAndAdministrativeExpenses": 42844999999,
    "otherExpenses": 2963000000,
    "operatingExpenses": 56929999999,
    "costAndExpenses": 207109000000,
    "interestIncome": 0,
    "interestExpense": 2177000000,
    "depreciationAndAmortization": 8918999999,
    "ebitda": 19809000000,
    "ebitdaratio": 0.0892804024,
    "operatingIncome": 14765000000,
    "operatingIncomeRatio": 0.0665467788,
    "totalOtherIncomeExpensesNet": -4916000000,
    "incomeBeforeTax": 9848999999,
    "incomeBeforeTaxRatio": 0.0443900592,
    "incomeTaxExpense": 5721999999,
    "netIncome": 3365000000,
    "netIncomeRatio": 0.0151662655,
    "eps": 0.165,
    "epsdiluted": 0.163,
    "weightedAverageShsOut": 19763000000,
    "weightedAverageShsOutDil": 19980000000,
    "link": "https://www.sec.gov/Archives/edgar/data/1577552/000110465924011604/0001104659-24-011604-index.htm",
    "finalLink": "https://www.sec.gov/Archives/edgar/data/1577552/000110465924011604/tm245446d1_ex99-1.htm"
  },
  {
    "date": "2023-12-31",
    "symbol": "BABA",
    "reportedCurrency": "CNY",
    "cik": "0001577552",
    "fillingDate": "2023-11-16",
    "acceptedDate": "2023-11-16 16:00:15",
    "calendarYear": "2024",
    "period": "Q3",
    "revenue": 260348000000,
    "costOfRevenue": 156214000000,
    "grossProfit": 104134000000,
    "grossProfitRatio": 0.3999800267,
    "researchAndDevelopmentExpenses": 13488000000,
    "generalAndAdministrativeExpenses": 11261000000,
    "sellingAndMarketingExpenses": 33783000000,
    "sellingGeneralAndAdministrativeExpenses": 45044000000,
    "otherExpenses": 439000000,
    "operatingExpenses": 73133000000,
    "costAndExpenses": 229347000000,
    "interestIncome": 0,
    "interestExpense": 5632000000,
    "depreciationAndAmortization": 14601000000,
    "ebitda": 37551000000,
    "ebitdaratio": 0.1442338716,
    "operatingIncome": 22511000000,
    "operatingIncomeRatio": 0.0864650391,
    "totalOtherIncomeExpensesNet": -6806000000,
    "incomeBeforeTax": 17318000000,
    "incomeBeforeTaxRatio": 0.0665186596,
    "incomeTaxExpense": 4988000000,
    "netIncome": 14555000000,
    "netIncomeRatio": 0.0559059413,
    "eps": 0.713,
    "epsdiluted": 0.706,
    "weightedAverageShsOut": 20138000000,
    "weightedAverageShsOutDil": 20321000000,
    "link": "https://www.sec.gov/Archives/edgar/data/1577552/000110465923119081/0001104659-23-119081-index.htm",
    "finalLink": "https://www.sec.gov/Archives/edgar/data/1577552/000110465923119081/tm2330915d1_ex99-1.htm"
  },
  {
    "date": "2023-09-30",
    "symbol": "BABA",
    "reportedCurrency": "CNY",
    "cik": "0001577552",
    "fillingDate": "2023-08-10",
    "acceptedDate": "2023-08-10 16:00:18",
    "calendarYear": "2024",
    "period": "Q2",
    "revenue": 224790000000,
    "costOfRevenue": 139664000000,
    "grossProfit": 85126000000,
    "grossProfitRatio": 0.3786912229,
    "researchAndDevelopmentExpenses": 14218000000,
    "generalAndAdministrativeExpenses": 9408000000,
    "sellingAndMarketingExpenses": 25485000000,
    "sellingGeneralAndAdministrativeExpenses": 34893000000,
    "otherExpenses": 1391000000,
    "operatingExpenses": 51542000000,
    "costAndExpenses": 191206000000,
    "interestIncome": 5136000000,
    "interestExpense": 1854000000,
    "depreciationAndAmortization": 2431000000,
    "ebitda": 42542000000,
    "ebitdaratio": 0.1892521909,
    "operatingIncome": 33584000000,
    "operatingIncomeRatio": 0.1494016638,
    "totalOtherIncomeExpensesNet": -1091000000,
    "incomeBeforeTax": 38257000000,
    "incomeBeforeTaxRatio": 0.1701899551,
    "incomeTaxExpense": 5797000000,
    "netIncome": 27847000000,
    "netIncomeRatio": 0.1238800658,
    "eps": 1.359,
    "epsdiluted": 1.347,
    "weightedAverageShsOut": 20335000000,
    "weightedAverageShsOutDil": 20526000000,
    "link": "https://www.sec.gov/Archives/edgar/data/1577552/000110465923089768/0001104659-23-089768-index.htm",
    "finalLink": "https://www.sec.gov/Archives/edgar/data/1577552/000110465923089768/tm2323406d1_ex99-1.htm"
  },
  {
    "date": "2023-06-30",
    "symbol": "BABA",
    "reportedCurrency": "CNY",
    "cik": "0001577552",
    "fillingDate": "2023-05-18",
    "acceptedDate": "2023-05-18 16:01:15",
    "calendarYear": "2024",
    "period": "Q1",
    "revenue": 234156000000,
    "costOfRevenue": 142347000000,
    "grossProfit": 91809000000,
    "grossProfitRatio": 0.392084764,
    "researchAndDevelopmentExpenses": 10465000000,
    "generalAndAdministrativeExpenses": 7297000000,
    "sellingAndMarketingExpenses": 27047000000,
    "sellingGeneralAndAdministrativeExpenses": 34344000000,
    "otherExpenses": 1364000000,
    "operatingExpenses": 47288000000,
    "costAndExpenses": 189635000000,
    "interestIncome": 1784000000,
    "interestExpense": 7682000000,
    "depreciationAndAmortization": 9159999999,
    "ebitda": 48364000000,
    "ebitdaratio": 0.2065460633,
    "operatingIncome": 42490000000,
    "operatingIncomeRatio": 0.1814602231,
    "totalOtherIncomeExpensesNet": -3468000000,
    "incomeBeforeTax": 36172000000,
    "incomeBeforeTaxRatio": 0.1544782111,
    "incomeTaxExpense": 6022000000,
    "netIncome": 34242000000,
    "netIncomeRatio": 0.1462358428,
    "eps": 1.672,
    "epsdiluted": 1.663,
    "weightedAverageShsOut": 20493000000,
    "weightedAverageShsOutDil": 20608000000,
    "link": "https://www.sec.gov/Archives/edgar/data/1577552/000110465923062243/0001104659-23-062243-index.htm",
    "finalLink": "https://www.sec.gov/Archives/edgar/data/1577552/000110465923062243/tm2316208d1_ex99-1.htm"
  },
  {
    "date": "2023-03-31",
    "symbol": "BABA",
    "reportedCurrency": "CNY",
    "cik": "0001577552",
    "fillingDate": "2023-02-23",
    "acceptedDate": "2023-02-23 16:04:43",
    "calendarYear": "2023",
    "period": "Q4",
    "revenue": 208200000000,
    "costOfRevenue": 138823000000,
    "grossProfit": 69377000000,
    "grossProfitRatio": 0.3332228626,
    "researchAndDevelopmentExpenses": 13880000000,
    "generalAndAdministrativeExpenses": 12832000000,
    "sellingAndMarketingExpenses": 24931000000,
    "sellingGeneralAndAdministrativeExpenses": 37763000000,
    "otherExpenses": 2494000000,
    "operatingExpenses": 54137000000,
    "costAndExpenses": 192960000000,
    "interestIncome": 10496000000,
    "interestExpense": 1736000000,
    "depreciationAndAmortization": 9336999999,
    "ebitda": 29538000000,
    "ebitdaratio": 0.1418731988,
    "operatingIncome": 27044000000,
    "operatingIncomeRatio": 0.1298943324,
    "totalOtherIncomeExpensesNet": 10514000000,
    "incomeBeforeTax": 25308000000,
    "incomeBeforeTaxRatio": 0.121556196,
    "incomeTaxExpense": 3758000000,
    "netIncome": 23644000000,
    "netIncomeRatio": 0.1135638809,
    "eps": 1.137,
    "epsdiluted": 1.125,
    "weightedAverageShsOut": 20651000000,
    "weightedAverageShsOutDil": 20882000000,
    "link": "https://www.sec.gov/Archives/edgar/data/1577552/000110465923024752/0001104659-23-024752-index.htm",
    "finalLink": "https://www.sec.gov/Archives/edgar/data/1577552/000110465923024752/tm237669d2_ex99-1.htm"
  },
  {
    "date": "2022-12-31",
    "symbol": "BABA",
    "reportedCurrency": "CNY",
    "cik": "0001577552",
    "fillingDate": "2022-11-17",
    "acceptedDate": "2022-11-17 16:04:15",
    "calendarYear": "2023",
    "period": "Q3",
    "revenue": 247756000000,
    "costOfRevenue": 150005000000,
    "grossProfit": 97751000000,
    "grossProfitRatio": 0.3945454399,
    "researchAndDevelopmentExpenses": 13521000000,
    "generalAndAdministrativeExpenses": 10327000000,
    "sellingAndMarketingExpenses": 30628000000,
    "sellingGeneralAndAdministrativeExpenses": 40955000000,
    "otherExpenses": 5530000000,
    "operatingExpenses": 60006000000,
    "costAndExpenses": 210011000000,
    "interestIncome": 15516000000,
    "interestExpense": 1550000000,
    "depreciationAndAmortization": 12644000000,
    "ebitda": 50389000000,
    "ebitdaratio": 0.2033815528,
    "operatingIncome": 54723000000,
    "operatingIncomeRatio": 0.2208745701,
    "totalOtherIncomeExpensesNet": -5157000000,
    "incomeBeforeTax": 50459000000,
    "incomeBeforeTaxRatio": 0.2036640889,
    "incomeTaxExpense": 3820000000,
    "netIncome": 46913000000,
    "netIncomeRatio": 0.1893516201,
    "eps": 2.25,
    "epsdiluted": 2.238,
    "weightedAverageShsOut": 20805000000,
    "weightedAverageShsOutDil": 20912000000,
    "link": "https://www.sec.gov/Archives/edgar/data/1577552/000110465922119884/0001104659-22-119884-index.htm",
    "finalLink": "https://www.sec.gov/Archives/edgar/data/1577552/000110465922119884/tm2230824d3_ex99-1.htm"
  },
  {
    "date": "2022-09-30",
    "symbol": "BABA",
    "reportedCurrency": "CNY",
    "cik": "0001577552",
    "fillingDate": "2022-08-04",
    "acceptedDate": "2022-08-04 16:01:55",
    "calendarYear": "2023",
    "period": "Q2",
    "revenue": 207176000000,
    "costOfRevenue": 131210000000,
    "grossProfit": 75966000000,
    "grossProfitRatio": 0.366673746,
    "researchAndDevelopmentExpenses": 15150000000,
    "generalAndAdministrativeExpenses": 10591000000,
    "sellingAndMarketingExpenses": 22359000000,
    "sellingGeneralAndAdministrativeExpenses": 32950000000,
    "otherExpenses": 2729000000,
    "operatingExpenses": 50829000000,
    "costAndExpenses": 182039000000,
    "interestIncome": 1388000000,
    "interestExpense": 43840000000,
    "depreciationAndAmortization": 9875999999,
    "ebitda": 30810000000,
    "ebitdaratio": 0.1487141368,
    "operatingIncome": 25137000000,
    "operatingIncomeRatio": 0.1213316214,
    "totalOtherIncomeExpensesNet": -40896000000,
    "incomeBeforeTax": -15759000000,
    "incomeBeforeTaxRatio": -0.0760657605,
    "incomeTaxExpense": 2572000000,
    "netIncome": -20433000000,
    "netIncomeRatio": -0.0986262888,
    "eps": -0.972,
    "epsdiluted": -0.972,
    "weightedAverageShsOut": 21164000000,
    "weightedAverageShsOutDil": 21164000000,
    "link": "https://www.sec.gov/Archives/edgar/data/1577552/000110465922086110/0001104659-22-086110-index.htm",
    "finalLink": "https://www.sec.gov/Archives/edgar/data/1577552/000110465922086110/tm2222585d1_ex99-1.htm"
  },
  {
    "date": "2022-06-30",
    "symbol": "BABA",
    "reportedCurrency": "CNY",
    "cik": "0001577552",
    "fillingDate": "2022-07-26",
    "acceptedDate": "2022-07-26 07:49:18",
    "calendarYear": "2023",
    "period": "Q1",
    "revenue": 205555000000,
    "costOfRevenue": 129657000000,
    "grossProfit": 75898000000,
    "grossProfitRatio": 0.3692345114,
    "researchAndDevelopmentExpenses": 14193000000,
    "generalAndAdministrativeExpenses": 8433000000,
    "sellingAndMarketingExpenses": 25578000000,
    "sellingGeneralAndAdministrativeExpenses": 34011000000,
    "otherExpenses": 2751000000,
    "operatingExpenses": 50955000000,
    "costAndExpenses": 180612000000,
    "interestIncome": 5369000000,
    "interestExpense": 1244000000,
    "depreciationAndAmortization": 9445999999,
    "ebitda": 33172000000,
    "ebitdaratio": 0.1613777335,
    "operatingIncome": 24943000000,
    "operatingIncomeRatio": 0.1213446523,
    "totalOtherIncomeExpensesNet": 754000000,
    "incomeBeforeTax": 29177000000,
    "incomeBeforeTaxRatio": 0.1419425458,
    "incomeTaxExpense": 5399000000,
    "netIncome": 22659000000,
    "netIncomeRatio": 0.1102332709,
    "eps": 1.068,
    "epsdiluted": 1.063,
    "weightedAverageShsOut": 21299000000,
    "weightedAverageShsOutDil": 21384000000,
    "link": "https://www.sec.gov/Archives/edgar/data/1577552/000110465922082622/0001104659-22-082622-index.htm",
    "finalLink": "https://www.sec.gov/Archives/edgar/data/1577552/000110465922082622/baba-20220331x20f.htm"
  },
  {
    "date": "2022-03-31",
    "symbol": "BABA",
    "reportedCurrency": "CNY",
    "cik": "0001577552",
    "fillingDate": "2022-02-24",
    "acceptedDate": "2022-02-24 16:01:10",
    "calendarYear": "2022",
    "period": "Q4",
    "revenue": 204052000000,
    "costOfRevenue": 138945000000,
    "grossProfit": 65107000000,
    "grossProfitRatio": 0.3190706291,
    "researchAndDevelopmentExpenses": 10944000000,
    "generalAndAdministrativeExpenses": 7415000000,
    "sellingAndMarketingExpenses": 27200000000,
    "sellingGeneralAndAdministrativeExpenses": 34615000000,
    "otherExpenses": 2831000000,
    "operatingExpenses": 48390000000,
    "costAndExpenses": 187335000000,
    "interestIncome": 0,
    "interestExpense": 37897000000,
    "depreciationAndAmortization": 2831000000,
    "ebitda": 21168000000,
    "ebitdaratio": 0.1037382628,
    "operatingIncome": 16717000000,
    "operatingIncomeRatio": 0.0819251955,
    "totalOtherIncomeExpensesNet": -36277000000,
    "incomeBeforeTax": -19560000000,
    "incomeBeforeTaxRatio": -0.0958579186,
    "incomeTaxExpense": 2079000000,
    "netIncome": -8853000000,
    "netIncomeRatio": -0.0433859996,
    "eps": -0.42,
    "epsdiluted": -0.42,
    "weightedAverageShsOut": 21401000000,
    "weightedAverageShsOutDil": 21401000000,
    "link": "https://www.sec.gov/Archives/edgar/data/1577552/000110465922026569/0001104659-22-026569-index.htm",
    "finalLink": "https://www.sec.gov/Archives/edgar/data/1577552/000110465922026569/tm227577d1_ex99-1.htm"
  },
  {
    "date": "2021-12-31",
    "symbol": "BABA",
    "reportedCurrency": "CNY",
    "cik": "0001577552",
    "fillingDate": "2021-11-18",
    "acceptedDate": "2021-11-18 16:15:13",
    "calendarYear": "2022",
    "period": "Q3",
    "revenue": 242580000000,
    "costOfRevenue": 146658000000,
    "grossProfit": 95922000000,
    "grossProfitRatio": 0.39542419,
    "researchAndDevelopmentExpenses": 15705000000,
    "generalAndAdministrativeExpenses": 8465000000,
    "sellingAndMarketingExpenses": 36706000000,
    "sellingGeneralAndAdministrativeExpenses": 45171000000,
    "otherExpenses": 5083000000,
    "operatingExpenses": 63713000000,
    "costAndExpenses": 210371000000,
    "interestIncome": 18361000000,
    "interestExpense": 1186000000,
    "depreciationAndAmortization": 9378999999,
    "ebitda": 33349000000,
    "ebitdaratio": 0.1374762965,
    "operatingIncome": 55653000000,
    "operatingIncomeRatio": 0.2294212219,
    "totalOtherIncomeExpensesNet": -26876000000,
    "incomeBeforeTax": 29326000000,
    "incomeBeforeTaxRatio": 0.1208920768,
    "incomeTaxExpense": 9553000000,
    "netIncome": 27809000000,
    "netIncomeRatio": 0.1146384698,
    "eps": 1.286,
    "epsdiluted": 1.274,
    "weightedAverageShsOut": 21516000000,
    "weightedAverageShsOutDil": 21716000000,
    "link": "https://www.sec.gov/Archives/edgar/data/1577552/000110465921141204/0001104659-21-141204-index.htm",
    "finalLink": "https://www.sec.gov/Archives/edgar/data/1577552/000110465921141204/tm2133400d1_ex99-1.htm"
  },
  {
    "date": "2021-09-30",
    "symbol": "BABA",
    "reportedCurrency": "CNY",
    "cik": "0001577552",
    "fillingDate": "2021-08-03",
    "acceptedDate": "2021-08-03 16:04:26",
    "calendarYear": "2022",
    "period": "Q2",
    "revenue": 200690000000,
    "costOfRevenue": 129750000000,
    "grossProfit": 70940000000,
    "grossProfitRatio": 0.3534804923,
    "researchAndDevelopmentExpenses": 15297000000,
    "generalAndAdministrativeExpenses": 8874000000,
    "sellingAndMarketingExpenses": 28857000000,
    "sellingGeneralAndAdministrativeExpenses": 37731000000,
    "otherExpenses": 1663000000,
    "operatingExpenses": 55934000000,
    "costAndExpenses": 185684000000,
    "interestIncome": 0,
    "interestExpense": 12723000000,
    "depreciationAndAmortization": 9712999999,
    "ebitda": 19575000000,
    "ebitdaratio": 0.0975384922,
    "operatingIncome": 15006000000,
    "operatingIncomeRatio": 0.0747720365,
    "totalOtherIncomeExpensesNet": -5542000000,
    "incomeBeforeTax": 3946000000,
    "incomeBeforeTaxRatio": 0.0196621655,
    "incomeTaxExpense": 6087000000,
    "netIncome": 5488000000,
    "netIncomeRatio": 0.0273456575,
    "eps": 0.249,
    "epsdiluted": 0.246,
    "weightedAverageShsOut": 21562000000,
    "weightedAverageShsOutDil": 21794000000,
    "link": "https://www.sec.gov/Archives/edgar/data/1577552/000110465921099438/0001104659-21-099438-index.htm",
    "finalLink": "https://www.sec.gov/Archives/edgar/data/1577552/000110465921099438/tm2123939d1_ex99-1.htm"
  },
  {
    "date": "2021-06-30",
    "symbol": "BABA",
    "reportedCurrency": "CNY",
    "cik": "0001577552",
    "fillingDate": "2021-07-27",
    "acceptedDate": "2021-07-27 07:55:28",
    "calendarYear": "2022",
    "period": "Q1",
    "revenue": 205740000000,
    "costOfRevenue": 124097000000,
    "grossProfit": 81643000000,
    "grossProfitRatio": 0.3968260912,
    "researchAndDevelopmentExpenses": 13519000000,
    "generalAndAdministrativeExpenses": 7168000000,
    "sellingAndMarketingExpenses": 27036000000,
    "sellingGeneralAndAdministrativeExpenses": 34204000000,
    "otherExpenses": 2157000000,
    "operatingExpenses": 50796000000,
    "costAndExpenses": 174893000000,
    "interestIncome": 14101000000,
    "interestExpense": 1267000000,
    "depreciationAndAmortization": 9970000000,
    "ebitda": 40817000000,
    "ebitdaratio": 0.1983911733,
    "operatingIncome": 30847000000,
    "operatingIncomeRatio": 0.149931953,
    "totalOtherIncomeExpensesNet": 21084000000,
    "incomeBeforeTax": 45838000000,
    "incomeBeforeTaxRatio": 0.2227957616,
    "incomeTaxExpense": 9096000000,
    "netIncome": 45068000000,
    "netIncomeRatio": 0.2190531739,
    "eps": 2.075,
    "epsdiluted": 2.048,
    "weightedAverageShsOut": 21754000000,
    "weightedAverageShsOutDil": 22038000000,
    "link": "https://www.sec.gov/Archives/edgar/data/1577552/000110465921096092/0001104659-21-096092-index.htm",
    "finalLink": "https://www.sec.gov/Archives/edgar/data/1577552/000110465921096092/baba-20210331x20f.htm"
  },
  {
    "date": "2021-03-31",
    "symbol": "BABA",
    "reportedCurrency": "CNY",
    "cik": "0001577552",
    "fillingDate": "2021-07-27",
    "acceptedDate": "2021-07-27 07:55:28",
    "calendarYear": "2021",
    "period": "Q4",
    "revenue": 187395000000,
    "costOfRevenue": 125454000000,
    "grossProfit": 61941000000,
    "grossProfitRatio": 0.3305371008,
    "researchAndDevelopmentExpenses": 13302000000,
    "generalAndAdministrativeExpenses": 27734000000,
    "sellingAndMarketingExpenses": 25153000000,
    "sellingGeneralAndAdministrativeExpenses": 52887000000,
    "otherExpenses": 2115000000,
    "operatingExpenses": 69604000000,
    "costAndExpenses": 195058000000,
    "interestIncome": 111000000,
    "interestExpense": 1160000000,
    "depreciationAndAmortization": 10701000000,
    "ebitda": -2022000000,
    "ebitdaratio": -0.0107900424,
    "operatingIncome": -7663000000,
    "operatingIncomeRatio": -0.040892233,
    "totalOtherIncomeExpensesNet": 1066000000,
    "incomeBeforeTax": -6597000000,
    "incomeBeforeTaxRatio": -0.0352037141,
    "incomeTaxExpense": 7049000000,
    "netIncome": -5366000000,
    "netIncomeRatio": -0.0286347021,
    "eps": -0.253,
    "epsdiluted": -0.249,
    "weightedAverageShsOut": 21652000000,
    "weightedAverageShsOutDil": 22024000000,
    "link": "https://www.sec.gov/Archives/edgar/data/1577552/000110465921096092/0001104659-21-096092-index.htm",
    "finalLink": "https://www.sec.gov/Archives/edgar/data/1577552/000110465921096092/baba-20210331x20f.htm"
  },
  {
    "date": "2020-12-31",
    "symbol": "BABA",
    "reportedCurrency": "CNY",
    "cik": "0001577552",
    "fillingDate": "2020-12-31",
    "acceptedDate": "2020-12-31 00:00:00",
    "calendarYear": "2021",
    "period": "Q3",
    "revenue": 221084000000,
    "costOfRevenue": 121268000000,
    "grossProfit": 99816000000,
    "grossProfitRatio": 0.4514845036,
    "researchAndDevelopmentExpenses": 13607000000,
    "generalAndAdministrativeExpenses": 8692000000,
    "sellingAndMarketingExpenses": 25343000000,
    "sellingGeneralAndAdministrativeExpenses": 34035000000,
    "otherExpenses": 2826000000,
    "operatingExpenses": 50814000000,
    "costAndExpenses": 172082000000,
    "interestIncome": 40036000000,
    "interestExpense": 1092000000,
    "depreciationAndAmortization": 3172000000,
    "ebitda": 95036000000,
    "ebitdaratio": 0.4298637622,
    "operatingIncome": 49002000000,
    "operatingIncomeRatio": 0.2216442619,
    "totalOtherIncomeExpensesNet": 38169000000,
    "incomeBeforeTax": 90772000000,
    "incomeBeforeTaxRatio": 0.4105769753,
    "incomeTaxExpense": 9194000000,
    "netIncome": 79535000000,
    "netIncomeRatio": 0.3597501402,
    "eps": 3.669,
    "epsdiluted": 3.606,
    "weightedAverageShsOut": 21643000000,
    "weightedAverageShsOutDil": 22021000000,
    "link": null,
    "finalLink": null
  },
  {
    "date": "2020-09-30",
    "symbol": "BABA",
    "reportedCurrency": "CNY",
    "cik": "0001577552",
    "fillingDate": "2020-09-30",
    "acceptedDate": "2020-09-30 00:00:00",
    "calendarYear": "2021",
    "period": "Q2",
    "revenue": 155059000000,
    "costOfRevenue": 89960000000,
    "grossProfit": 65099000000,
    "grossProfitRatio": 0.4198337407,
    "researchAndDevelopmentExpenses": 19245000000,
    "generalAndAdministrativeExpenses": 11961000000,
    "sellingAndMarketingExpenses": 17371000000,
    "sellingGeneralAndAdministrativeExpenses": 29332000000,
    "otherExpenses": 1148000000,
    "operatingExpenses": 51465000000,
    "costAndExpenses": 141425000000,
    "interestIncome": 10510000000,
    "interestExpense": 1101000000,
    "depreciationAndAmortization": 2888000000,
    "ebitda": 28180000000,
    "ebitdaratio": 0.1817372742,
    "operatingIncome": 13634000000,
    "operatingIncomeRatio": 0.087927821,
    "totalOtherIncomeExpensesNet": 14801000000,
    "incomeBeforeTax": 24191000000,
    "incomeBeforeTaxRatio": 0.1560115827,
    "incomeTaxExpense": 1911000000,
    "netIncome": 28876000000,
    "netIncomeRatio": 0.1862258882,
    "eps": 1.331,
    "epsdiluted": 1.309,
    "weightedAverageShsOut": 21602000000,
    "weightedAverageShsOutDil": 21962000000,
    "link": null,
    "finalLink": null
  },
  {
    "date": "2020-06-30",
    "symbol": "BABA",
    "reportedCurrency": "CNY",
    "cik": "0001577552",
    "fillingDate": "2020-07-09",
    "acceptedDate": "2020-07-09 17:00:27",
    "calendarYear": "2021",
    "period": "Q1",
    "revenue": 153751000000,
    "costOfRevenue": 84523000000,
    "grossProfit": 69228000000,
    "grossProfitRatio": 0.4502604861,
    "researchAndDevelopmentExpenses": 11082000000,
    "generalAndAdministrativeExpenses": 6837000000,
    "sellingAndMarketingExpenses": 13652000000,
    "sellingGeneralAndAdministrativeExpenses": 20489000000,
    "otherExpenses": 1493000000,
    "operatingExpenses": 34523000000,
    "costAndExpenses": 119046000000,
    "interestIncome": 22137000000,
    "interestExpense": 1123000000,
    "depreciationAndAmortization": 2952000000,
    "ebitda": 61287000000,
    "ebitdaratio": 0.3986120415,
    "operatingIncome": 34705000000,
    "operatingIncomeRatio": 0.2257221091,
    "totalOtherIncomeExpensesNet": 22856000000,
    "incomeBeforeTax": 57212000000,
    "incomeBeforeTaxRatio": 0.3721081489,
    "incomeTaxExpense": 11124000000,
    "netIncome": 47533000000,
    "netIncomeRatio": 0.3091557128,
    "eps": 2.205,
    "epsdiluted": 2.17,
    "weightedAverageShsOut": 21581000000,
    "weightedAverageShsOutDil": 21926000000,
    "link": "https://www.sec.gov/Archives/edgar/data/1577552/000110465920082409/0001104659-20-082409-index.htm",
    "finalLink": "https://www.sec.gov/Archives/edgar/data/1577552/000110465920082409/baba-20200331x20f.htm"
  },
  {
    "date": "2020-03-31",
    "symbol": "BABA",
    "reportedCurrency": "CNY",
    "cik": "0001577552",
    "fillingDate": "2020-07-09",
    "acceptedDate": "2020-07-09 17:00:27",
    "calendarYear": "2020",
    "period": "Q4",
    "revenue": 114314000000,
    "costOfRevenue": 72502000000,
    "grossProfit": 41812000000,
    "grossProfitRatio": 0.3657644733,
    "researchAndDevelopmentExpenses": 10587000000,
    "generalAndAdministrativeExpenses": 7871000000,
    "sellingAndMarketingExpenses": 12179000000,
    "sellingGeneralAndAdministrativeExpenses": 20050000000,
    "otherExpenses": 1180000000,
    "operatingExpenses": 34681000000,
    "costAndExpenses": 107183000000,
    "interestIncome": 0,
    "interestExpense": 8880000000,
    "depreciationAndAmortization": 4044000000,
    "ebitda": 12355000000,
    "ebitdaratio": 0.1080795003,
    "operatingIncome": 7131000000,
    "operatingIncomeRatio": 0.0623808107,
    "totalOtherIncomeExpensesNet": -4155000000,
    "incomeBeforeTax": -569000000,
    "incomeBeforeTaxRatio": -0.0049775181,
    "incomeTaxExpense": 2628000000,
    "netIncome": 3220000000,
    "netIncomeRatio": 0.0281680284,
    "eps": 0.147,
    "epsdiluted": 0.145,
    "weightedAverageShsOut": 21435000000,
    "weightedAverageShsOutDil": 21822000000,
    "link": "https://www.sec.gov/Archives/edgar/data/1577552/000110465920082409/0001104659-20-082409-index.htm",
    "finalLink": "https://www.sec.gov/Archives/edgar/data/1577552/000110465920082409/baba-20200331x20f.htm"
  }
]