[
  {
    "date": "2024-03-31",
    "symbol": "BABA",
    "reportedCurrency": "CNY",
    "cik": "0001577552",
    "fillingDate": "2024-05-23",
    "acceptedDate": "2024-05-23 09:14:49",
    "calendarYear": "2024",
    "period": "FY",
    "revenue": 941168000000,
    "costOfRevenue": 586323000000,
    "grossProfit": 354845000000,
    "grossProfitRatio": 0.3770262057,
    "researchAndDevelopmentExpenses": 52256000000,
    "generalAndAdministrativeExpenses": 41985000000,
    "sellingAndMarketingExpenses": 115141000000,
    "sellingGeneralAndAdministrativeExpenses": 157126000000,
    "otherExpenses": 32113000000,
    "operatingExpenses": 241495000000,
    "costAndExpenses": 827818000000,
    "interestIncome": 0,
    "interestExpense": 17911000000,
    "depreciationAndAmortization": 44504000000,
    "ebitda": 164011000000,
    "ebitdaratio": 0.1742632559,
    "operatingIncome": 113350000000,
    "operatingIncomeRatio": 0.1204354589,
    "totalOtherIncomeExpensesNet": -11754000000,
    "incomeBeforeTax": 101596000000,
    "incomeBeforeTaxRatio": 0.1079467215,
    "incomeTaxExpense": 22529000000,
    "netIncome": 80009000000,
    "netIncomeRatio": 0.0850103276,
    "eps": 3.881,
    "epsdiluted": 3.906,
    "weightedAverageShsOut": 20485999344,
    "weightedAverageShsOutDil": 20359000000,
    "link": "https://www.sec.gov/Archives/edgar/data/1577552/000095017024063767/0000950170-24-063767-index.htm",
    "finalLink": "https://www.sec.gov/Archives/edgar/data/1577552/000095017024063767/baba-20240331.htm"
  },
  {
    "date": "2023-03-31",
    "symbol": "BABA",
    "reportedCurrency": "CNY",
    "cik": "0001577552",
    "fillingDate": "2023-07-21",
    "acceptedDate": "2023-07-21 07:43:34",
    "calendarYear": "2023",
    "period": "FY",
    "revenue": 868687000000,
    "costOfRevenue": 549695000000,
    "grossProfit": 318992000000,
    "grossProfitRatio": 0.3672116654,
    "researchAndDevelopmentExpenses": 56744000000,
    "generalAndAdministrativeExpenses": 42183000000,
    "sellingAndMarketingExpenses": 103496000000,
    "sellingGeneralAndAdministrativeExpenses": 145679000000,
    "otherExpenses": 13504000000,
    "operatingExpenses": 215927000000,
    "costAndExpenses": 765622000000,
    "interestIncome": 5918000000,
    "interestExpense": 16989000000,
    "depreciationAndAmortization": 38158000000,
    "ebitda": 153947000000,
    "ebitdaratio": 0.1772180314,
    "operatingIncome": 100351000000,
    "operatingIncomeRatio": 0.1155203197,
    "totalOtherIncomeExpensesNet": -11166000000,
    "incomeBeforeTax": 89185000000,
    "incomeBeforeTaxRatio": 0.102666438,
    "incomeTaxExpense": 15549000000,
    "netIncome": 72783000000,
    "netIncomeRatio": 0.0837850687,
    "eps": 3.454,
    "epsdiluted": 3.432,
    "weightedAverageShsOut": 20980000000,
    "weightedAverageShsOutDil": 21114000000,
    "link": "https://www.sec.gov/Archives/edgar/data/1577552/000095017023033752/0000950170-23-033752-index.htm",
    "finalLink": "https://www.sec.gov/Archives/edgar/data/1577552/000095017023033752/baba-20230331.htm"
  },
  {
    "date": "2022-03-31",
    "symbol": "BABA",
    "reportedCurrency": "CNY",
    "cik": "0001577552",
    "fillingDate": "2022-07-26",
    "acceptedDate": "2022-07-26 07:49:18",
    "calendarYear": "2022",
    "period": "FY",
    "revenue": 853062000000,
    "costOfRevenue": 539450000000,
    "grossProfit": 313612000000,
    "grossProfitRatio": 0.3676309577,
    "researchAndDevelopmentExpenses": 55465000000,
    "generalAndAdministrativeExpenses": 31922000000,
    "sellingAndMarketingExpenses": 119799000000,
    "sellingGeneralAndAdministrativeExpenses": 151721000000,
    "otherExpenses": 11647000000,
    "operatingExpenses": 218833000000,
    "costAndExpenses": 758283000000,
    "interestIncome": 0,
    "interestExpense": 20611000000,
    "depreciationAndAmortization": 45727000000,
    "ebitda": 144562000000,
    "ebitdaratio": 0.1694624775,
    "operatingIncome": 105302000000,
    "operatingIncomeRatio": 0.1234400313,
    "totalOtherIncomeExpensesNet": -10088000000,
    "incomeBeforeTax": 59550000000,
    "incomeBeforeTaxRatio": 0.0698073528,
    "incomeTaxExpense": 26815000000,
    "netIncome": 62249000000,
    "netIncomeRatio": 0.0729712495,
    "eps": 2.872,
    "epsdiluted": 2.842,
    "weightedAverageShsOut": 21558000000,
    "weightedAverageShsOutDil": 21787000000,
    "link": "https://www.sec.gov/Archives/edgar/data/1577552/000110465922082622/0001104659-22-082622-index.htm",
    "finalLink": "https://www.sec.gov/Archives/edgar/data/1577552/000110465922082622/baba-20220331x20f.htm"
  },
  {
    "date": "2021-03-31",
    "symbol": "BABA",
    "reportedCurrency": "CNY",
    "cik": "0001577552",
    "fillingDate": "2021-07-27",
    "acceptedDate": "2021-07-27 07:55:28",
    "calendarYear": "2021",
    "period": "FY",
    "revenue": 717289000000,
    "costOfRevenue": 421205000000,
    "grossProfit": 296084000000,
    "grossProfitRatio": 0.4127820167,
    "researchAndDevelopmentExpenses": 57236000000,
    "generalAndAdministrativeExpenses": 55224000000,
    "sellingAndMarketingExpenses": 81519000000,
    "sellingGeneralAndAdministrativeExpenses": 136743000000,
    "otherExpenses": 12427000000,
    "operatingExpenses": 206406000000,
    "costAndExpenses": 627611000000,
    "interestIncome": 72794000000,
    "interestExpense": 4476000000,
    "depreciationAndAmortization": 47070000000,
    "ebitda": 157503000000,
    "ebitdaratio": 0.2195809499,
    "operatingIncome": 170054000000,
    "operatingIncomeRatio": 0.2370787786,
    "totalOtherIncomeExpensesNet": 75900000000,
    "incomeBeforeTax": 165578000000,
    "incomeBeforeTaxRatio": 0.230838616,
    "incomeTaxExpense": 29278000000,
    "netIncome": 150578000000,
    "netIncomeRatio": 0.2099265429,
    "eps": 6.95,
    "epsdiluted": 6.835,
    "weightedAverageShsOut": 21619000000,
    "weightedAverageShsOutDil": 21982000000,
    "link": "https://www.sec.gov/Archives/edgar/data/1577552/000110465921096092/0001104659-21-096092-index.htm",
    "finalLink": "https://www.sec.gov/Archives/edgar/data/1577552/000110465921096092/baba-20210331x20f.htm"
  },
  {
    "date": "2020-03-31",
    "symbol": "BABA",
    "reportedCurrency": "CNY",
    "cik": "0001577552",
    "fillingDate": "2020-03-31",
    "acceptedDate": "2020-03-31 00:00:00",
    "calendarYear": "2020",
    "period": "FY",
    "revenue": 509711000000,
    "costOfRevenue": 282367000000,
    "grossProfit": 227344000000,
    "grossProfitRatio": 0.4460252967,
    "researchAndDevelopmentExpenses": 43080000000,
    "generalAndAdministrativeExpenses": 28197000000,
    "sellingAndMarketingExpenses": 50673000000,
    "sellingGeneralAndAdministrativeExpenses": 78870000000,
    "otherExpenses": 13388000000,
    "operatingExpenses": 135338000000,
    "costAndExpenses": 417705000000,
    "interestIncome": 72956000000,
    "interestExpense": 5180000000,
    "depreciationAndAmortization": 42228999999,
    "ebitda": 185789000000,
    "ebitdaratio": 0.3644987061,
    "operatingIncome": 172401000000,
    "operatingIncomeRatio": 0.3382328417,
    "totalOtherIncomeExpensesNet": 75215000000,
    "incomeBeforeTax": 166645000000,
    "incomeBeforeTaxRatio": 0.3269401681,
    "incomeTaxExpense": 20562000000,
    "netIncome": 149433000000,
    "netIncomeRatio": 0.2931720132,
    "eps": 7.1,
    "epsdiluted": 6.99,
    "weightedAverageShsOut": 21017000000,
    "weightedAverageShsOutDil": 21346000000,
    "link": null,
    "finalLink": null
  },
  {
    "date": "2019-03-31",
    "symbol": "BABA",
    "reportedCurrency": "CNY",
    "cik": "0001577552",
    "fillingDate": "2019-06-05",
    "acceptedDate": "2019-06-05 16:33:42",
    "calendarYear": "2019",
    "period": "FY",
    "revenue": 376844000000,
    "costOfRevenue": 206929000000,
    "grossProfit": 169915000000,
    "grossProfitRatio": 0.4508894927,
    "researchAndDevelopmentExpenses": 37435000000,
    "generalAndAdministrativeExpenses": 24889000000,
    "sellingAndMarketingExpenses": 39780000000,
    "sellingGeneralAndAdministrativeExpenses": 64669000000,
    "otherExpenses": 221000000,
    "operatingExpenses": 112831000000,
    "costAndExpenses": 319760000000,
    "interestIncome": 44106000000,
    "interestExpense": 5190000000,
    "depreciationAndAmortization": 36936000000,
    "ebitda": 98542000000,
    "ebitdaratio": 0.2614928193,
    "operatingIncome": 57084000000,
    "operatingIncomeRatio": 0.1514791266,
    "totalOtherIncomeExpensesNet": 39703000000,
    "incomeBeforeTax": 96221000000,
    "incomeBeforeTaxRatio": 0.2553337721,
    "incomeTaxExpense": 16553000000,
    "netIncome": 87886000000,
    "netIncomeRatio": 0.2332158665,
    "eps": 4.242,
    "epsdiluted": 4.172,
    "weightedAverageShsOut": 20640000000,
    "weightedAverageShsOutDil": 20988000000,
    "link": "https://www.sec.gov/Archives/edgar/data/1577552/000104746919003492/0001047469-19-003492-index.htm",
    "finalLink": "https://www.sec.gov/Archives/edgar/data/1577552/000104746919003492/a2238953z20-f.htm"
  },
  {
    "date": "2018-03-31",
    "symbol": "BABA",
    "reportedCurrency": "CNY",
    "cik": "0001577552",
    "fillingDate": "2018-03-31",
    "acceptedDate": "2018-03-31 00:00:00",
    "calendarYear": "2018",
    "period": "FY",
    "revenue": 250266000000,
    "costOfRevenue": 107044000000,
    "grossProfit": 143222000000,
    "grossProfitRatio": 0.572279095,
    "researchAndDevelopmentExpenses": 22754000000,
    "generalAndAdministrativeExpenses": 16241000000,
    "sellingAndMarketingExpenses": 27299000000,
    "sellingGeneralAndAdministrativeExpenses": 43540000000,
    "otherExpenses": 4160000000,
    "operatingExpenses": 73414000000,
    "costAndExpenses": 180458000000,
    "interestIncome": 30495000000,
    "interestExpense": 3566000000,
    "depreciationAndAmortization": 21885000000,
    "ebitda": 92494000000,
    "ebitdaratio": 0.3695827639,
    "operatingIncome": 69314000000,
    "operatingIncomeRatio": 0.2769613132,
    "totalOtherIncomeExpensesNet": 10297000000,
    "incomeBeforeTax": 100403000000,
    "incomeBeforeTaxRatio": 0.401185139,
    "incomeTaxExpense": 18199000000,
    "netIncome": 64093000000,
    "netIncomeRatio": 0.2560995101,
    "eps": 3.132,
    "epsdiluted": 3.063,
    "weightedAverageShsOut": 20425000000,
    "weightedAverageShsOutDil": 20881000000,
    "link": null,
    "finalLink": null
  },
  {
    "date": "2017-03-31",
    "symbol": "BABA",
    "reportedCurrency": "CNY",
    "cik": "0001577552",
    "fillingDate": "2017-06-15",
    "acceptedDate": "2017-06-15 06:41:20",
    "calendarYear": "2017",
    "period": "FY",
    "revenue": 158273000000,
    "costOfRevenue": 59483000000,
    "grossProfit": 98790000000,
    "grossProfitRatio": 0.6241746855,
    "researchAndDevelopmentExpenses": 17060000000,
    "generalAndAdministrativeExpenses": 12239000000,
    "sellingAndMarketingExpenses": 16314000000,
    "sellingGeneralAndAdministrativeExpenses": 28553000000,
    "otherExpenses": 3571000000,
    "operatingExpenses": 50284000000,
    "costAndExpenses": 109767000000,
    "interestIncome": 8559000000,
    "interestExpense": 2671000000,
    "depreciationAndAmortization": 14185000000,
    "ebitda": 63097000000,
    "ebitdaratio": 0.3986592786,
    "operatingIncome": 48055000000,
    "operatingIncomeRatio": 0.3036209587,
    "totalOtherIncomeExpensesNet": 6947000000,
    "incomeBeforeTax": 60029000000,
    "incomeBeforeTaxRatio": 0.3792750501,
    "incomeTaxExpense": 13776000000,
    "netIncome": 43675000000,
    "netIncomeRatio": 0.2759472557,
    "eps": 2.189,
    "epsdiluted": 2.121,
    "weightedAverageShsOut": 19944000000,
    "weightedAverageShsOutDil": 20584000000,
    "link": "https://www.sec.gov/Archives/edgar/data/1577552/000104746917004019/0001047469-17-004019-index.htm",
    "finalLink": "https://www.sec.gov/Archives/edgar/data/1577552/000104746917004019/a2231121z20-f.htm"
  },
  {
    "date": "2016-03-31",
    "symbol": "BABA",
    "reportedCurrency": "CNY",
    "cik": "0001577552",
    "fillingDate": "2016-05-24",
    "acceptedDate": "2016-05-24 16:38:23",
    "calendarYear": "2016",
    "period": "FY",
    "revenue": 101143000000,
    "costOfRevenue": 34355000000,
    "grossProfit": 66788000000,
    "grossProfitRatio": 0.6603324007,
    "researchAndDevelopmentExpenses": 13788000000,
    "generalAndAdministrativeExpenses": 9205000000,
    "sellingAndMarketingExpenses": 11307000000,
    "sellingGeneralAndAdministrativeExpenses": 20512000000,
    "otherExpenses": 2058000000,
    "operatingExpenses": 37231000000,
    "costAndExpenses": 71586000000,
    "interestIncome": 52254000000,
    "interestExpense": 1946000000,
    "depreciationAndAmortization": 6630000000,
    "ebitda": 90462000000,
    "ebitdaratio": 0.8943970418,
    "operatingIncome": 29102000000,
    "operatingIncomeRatio": 0.287731232,
    "totalOtherIncomeExpensesNet": 50636000000,
    "incomeBeforeTax": 81468000000,
    "incomeBeforeTaxRatio": 0.8054734386,
    "incomeTaxExpense": 8449000000,
    "netIncome": 71460000000,
    "netIncomeRatio": 0.7065244258,
    "eps": 3.634,
    "epsdiluted": 3.487,
    "weightedAverageShsOut": 19664000000,
    "weightedAverageShsOutDil": 20496000000,
    "link": "https://www.sec.gov/Archives/edgar/data/1577552/000104746916013400/0001047469-16-013400-index.htm",
    "finalLink": "https://www.sec.gov/Archives/edgar/data/1577552/000104746916013400/a2228766z20-f.htm"
  },
  {
    "date": "2015-03-31",
    "symbol": "BABA",
    "reportedCurrency": "CNY",
    "cik": "0001577552",
    "fillingDate": "2015-06-25",
    "acceptedDate": "2015-06-25 16:28:19",
    "calendarYear": "2015",
    "period": "FY",
    "revenue": 76204000000,
    "costOfRevenue": 23834000000,
    "grossProfit": 52370000000,
    "grossProfitRatio": 0.6872342659,
    "researchAndDevelopmentExpenses": 10658000000,
    "generalAndAdministrativeExpenses": 7800000000,
    "sellingAndMarketingExpenses": 8513000000,
    "sellingGeneralAndAdministrativeExpenses": 16313000000,
    "otherExpenses": 2486000000,
    "operatingExpenses": 29060000000,
    "costAndExpenses": 52894000000,
    "interestIncome": 9455000000,
    "interestExpense": 2750000000,
    "depreciationAndAmortization": 2089000000,
    "ebitda": 39575000000,
    "ebitdaratio": 0.519329694,
    "operatingIncome": 23135000000,
    "operatingIncomeRatio": 0.3035929872,
    "totalOtherIncomeExpensesNet": 7601000000,
    "incomeBeforeTax": 32326000000,
    "incomeBeforeTaxRatio": 0.4242034539,
    "incomeTaxExpense": 6416000000,
    "netIncome": 24261000000,
    "netIncomeRatio": 0.3183691145,
    "eps": 1.298,
    "epsdiluted": 1.213,
    "weightedAverageShsOut": 18696000000,
    "weightedAverageShsOutDil": 20000000000,
    "link": "https://www.sec.gov/Archives/edgar/data/1577552/000104746915005768/0001047469-15-005768-index.htm",
    "finalLink": "https://www.sec.gov/Archives/edgar/data/1577552/000104746915005768/a2225010z20-f.htm"
  }
]