[
  {
    "date": "2024-12-31",
    "symbol": "ARM",
    "reportedCurrency": "USD",
    "cik": "0001973239",
    "fillingDate": "2025-02-05",
    "acceptedDate": "2025-02-05 16:05:44",
    "calendarYear": "2025",
    "period": "Q3",
    "revenue": 983000000,
    "costOfRevenue": 28000000,
    "grossProfit": 955000000,
    "grossProfitRatio": 0.9715157681,
    "researchAndDevelopmentExpenses": 533000000,
    "generalAndAdministrativeExpenses": 0,
    "sellingAndMarketingExpenses": 0,
    "sellingGeneralAndAdministrativeExpenses": 247000000,
    "otherExpenses": 0,
    "operatingExpenses": 780000000,
    "costAndExpenses": 808000000,
    "interestIncome": 28000000,
    "interestExpense": 0,
    "depreciationAndAmortization": 47000000,
    "ebitda": 222000000,
    "ebitdaratio": 0.2258392675,
    "operatingIncome": 175000000,
    "operatingIncomeRatio": 0.1780264496,
    "totalOtherIncomeExpensesNet": 93000000,
    "incomeBeforeTax": 268000000,
    "incomeBeforeTaxRatio": 0.2726347915,
    "incomeTaxExpense": 16000000,
    "netIncome": 252000000,
    "netIncomeRatio": 0.2563580875,
    "eps": 0.24,
    "epsdiluted": 0.24,
    "weightedAverageShsOut": 1052000000,
    "weightedAverageShsOutDil": 1064000000,
    "link": "https://www.sec.gov/Archives/edgar/data/1973239/000197323925000007/0001973239-25-000007-index.htm",
    "finalLink": "https://www.sec.gov/Archives/edgar/data/1973239/000197323925000007/0001973239-25-000007.txt"
  },
  {
    "date": "2024-09-30",
    "symbol": "ARM",
    "reportedCurrency": "USD",
    "cik": "0001973239",
    "fillingDate": "2024-11-07",
    "acceptedDate": "2024-11-07 16:06:48",
    "calendarYear": "2025",
    "period": "Q2",
    "revenue": 844000000,
    "costOfRevenue": 32000000,
    "grossProfit": 812000000,
    "grossProfitRatio": 0.9620853081,
    "researchAndDevelopmentExpenses": 507000000,
    "generalAndAdministrativeExpenses": 0,
    "sellingAndMarketingExpenses": 0,
    "sellingGeneralAndAdministrativeExpenses": 241000000,
    "otherExpenses": 0,
    "operatingExpenses": 748000000,
    "costAndExpenses": 780000000,
    "interestIncome": 29000000,
    "interestExpense": 0,
    "depreciationAndAmortization": 44000000,
    "ebitda": 108000000,
    "ebitdaratio": 0.1279620853,
    "operatingIncome": 64000000,
    "operatingIncomeRatio": 0.0758293839,
    "totalOtherIncomeExpensesNet": 0,
    "incomeBeforeTax": 64000000,
    "incomeBeforeTaxRatio": 0.0758293839,
    "incomeTaxExpense": -43000000,
    "netIncome": 107000000,
    "netIncomeRatio": 0.1267772512,
    "eps": 0.1,
    "epsdiluted": 0.1,
    "weightedAverageShsOut": 1049000000,
    "weightedAverageShsOutDil": 1063000000,
    "link": "https://www.sec.gov/Archives/edgar/data/1973239/000197323924000040/0001973239-24-000040-index.htm",
    "finalLink": "https://www.sec.gov/Archives/edgar/data/1973239/000197323924000040/0001973239-24-000040.txt"
  },
  {
    "date": "2024-06-30",
    "symbol": "ARM",
    "reportedCurrency": "USD",
    "cik": "0001973239",
    "fillingDate": "2024-08-01",
    "acceptedDate": "2024-08-01 16:05:41",
    "calendarYear": "2025",
    "period": "Q1",
    "revenue": 939000000,
    "costOfRevenue": 76000000,
    "grossProfit": 863000000,
    "grossProfitRatio": 0.9190628328,
    "researchAndDevelopmentExpenses": 485000000,
    "generalAndAdministrativeExpenses": 0,
    "sellingAndMarketingExpenses": 0,
    "sellingGeneralAndAdministrativeExpenses": 196000000,
    "otherExpenses": 0,
    "operatingExpenses": 681000000,
    "costAndExpenses": 757000000,
    "interestIncome": 32000000,
    "interestExpense": 0,
    "depreciationAndAmortization": 43000000,
    "ebitda": 225000000,
    "ebitdaratio": 0.2396166134,
    "operatingIncome": 182000000,
    "operatingIncomeRatio": 0.1938232162,
    "totalOtherIncomeExpensesNet": 62000000,
    "incomeBeforeTax": 244000000,
    "incomeBeforeTaxRatio": 0.2598509052,
    "incomeTaxExpense": 21000000,
    "netIncome": 223000000,
    "netIncomeRatio": 0.237486688,
    "eps": 0.21,
    "epsdiluted": 0.21,
    "weightedAverageShsOut": 1044000000,
    "weightedAverageShsOutDil": 1060000000,
    "link": "https://www.sec.gov/Archives/edgar/data/1973239/000197323924000019/0001973239-24-000019-index.htm",
    "finalLink": "https://www.sec.gov/Archives/edgar/data/1973239/000197323924000019/0001973239-24-000019.txt"
  },
  {
    "date": "2024-03-31",
    "symbol": "ARM",
    "reportedCurrency": "USD",
    "cik": "0001973239",
    "fillingDate": "2024-05-29",
    "acceptedDate": "2024-05-29 16:05:47",
    "calendarYear": "2024",
    "period": "Q4",
    "revenue": 928000000,
    "costOfRevenue": 60000000,
    "grossProfit": 868000000,
    "grossProfitRatio": 0.9353448276,
    "researchAndDevelopmentExpenses": 584000000,
    "generalAndAdministrativeExpenses": 0,
    "sellingAndMarketingExpenses": 0,
    "sellingGeneralAndAdministrativeExpenses": 262000000,
    "otherExpenses": 13000000,
    "operatingExpenses": 846000000,
    "costAndExpenses": 906000000,
    "interestIncome": 30000000,
    "interestExpense": 0,
    "depreciationAndAmortization": 38000000,
    "ebitda": 60000000,
    "ebitdaratio": 0.0646551724,
    "operatingIncome": 22000000,
    "operatingIncomeRatio": 0.0237068966,
    "totalOtherIncomeExpensesNet": 36000000,
    "incomeBeforeTax": 58000000,
    "incomeBeforeTaxRatio": 0.0625,
    "incomeTaxExpense": -166000000,
    "netIncome": 224000000,
    "netIncomeRatio": 0.2413793103,
    "eps": 0.22,
    "epsdiluted": 0.21,
    "weightedAverageShsOut": 1032360816,
    "weightedAverageShsOutDil": 1057533533,
    "link": "https://www.sec.gov/Archives/edgar/data/1973239/000197323924000012/0001973239-24-000012-index.htm",
    "finalLink": "https://www.sec.gov/Archives/edgar/data/1973239/000197323924000012/arm-20240331.htm"
  },
  {
    "date": "2023-12-31",
    "symbol": "ARM",
    "reportedCurrency": "USD",
    "cik": "0001973239",
    "fillingDate": "2024-02-08",
    "acceptedDate": "2024-02-08 16:06:31",
    "calendarYear": "2024",
    "period": "Q3",
    "revenue": 824000000,
    "costOfRevenue": 36000000,
    "grossProfit": 788000000,
    "grossProfitRatio": 0.9563106796,
    "researchAndDevelopmentExpenses": 432000000,
    "generalAndAdministrativeExpenses": 0,
    "sellingAndMarketingExpenses": 0,
    "sellingGeneralAndAdministrativeExpenses": 216000000,
    "otherExpenses": -15000000,
    "operatingExpenses": 648000000,
    "costAndExpenses": 684000000,
    "interestIncome": 28000000,
    "interestExpense": 0,
    "depreciationAndAmortization": 42000000,
    "ebitda": 188000000,
    "ebitdaratio": 0.2281553398,
    "operatingIncome": 134000000,
    "operatingIncomeRatio": 0.1626213592,
    "totalOtherIncomeExpensesNet": 12000000,
    "incomeBeforeTax": 146000000,
    "incomeBeforeTaxRatio": 0.177184466,
    "incomeTaxExpense": 59000000,
    "netIncome": 87000000,
    "netIncomeRatio": 0.1055825243,
    "eps": 0.0847,
    "epsdiluted": 0.0829,
    "weightedAverageShsOut": 1026894266,
    "weightedAverageShsOutDil": 1048888488,
    "link": "https://www.sec.gov/Archives/edgar/data/1973239/000197323924000004/0001973239-24-000004-index.htm",
    "finalLink": "https://www.sec.gov/Archives/edgar/data/1973239/000197323924000004/0001973239-24-000004.txt"
  },
  {
    "date": "2023-09-30",
    "symbol": "ARM",
    "reportedCurrency": "USD",
    "cik": "0001973239",
    "fillingDate": "2023-11-09",
    "acceptedDate": "2023-11-09 16:09:51",
    "calendarYear": "2024",
    "period": "Q2",
    "revenue": 806000000,
    "costOfRevenue": 46000000,
    "grossProfit": 760000000,
    "grossProfitRatio": 0.9429280397,
    "researchAndDevelopmentExpenses": 626000000,
    "generalAndAdministrativeExpenses": 0,
    "sellingAndMarketingExpenses": 0,
    "sellingGeneralAndAdministrativeExpenses": 290000000,
    "otherExpenses": 14000000,
    "operatingExpenses": 916000000,
    "costAndExpenses": 962000000,
    "interestIncome": 28000000,
    "interestExpense": 0,
    "depreciationAndAmortization": 41000000,
    "ebitda": -115000000,
    "ebitdaratio": -0.1426799007,
    "operatingIncome": -156000000,
    "operatingIncomeRatio": -0.1935483871,
    "totalOtherIncomeExpensesNet": 37000000,
    "incomeBeforeTax": -119000000,
    "incomeBeforeTaxRatio": -0.1476426799,
    "incomeTaxExpense": -9000000,
    "netIncome": -110000000,
    "netIncomeRatio": -0.1364764268,
    "eps": -0.11,
    "epsdiluted": -0.11,
    "weightedAverageShsOut": 1025312844,
    "weightedAverageShsOutDil": 1025312844,
    "link": "https://www.sec.gov/Archives/edgar/data/1973239/000197323923000011/0001973239-23-000011-index.htm",
    "finalLink": "https://www.sec.gov/Archives/edgar/data/1973239/000197323923000011/0001973239-23-000011.txt"
  },
  {
    "date": "2023-06-30",
    "symbol": "ARM",
    "reportedCurrency": "USD",
    "cik": "0001973239",
    "fillingDate": "2023-06-30",
    "acceptedDate": "2023-06-30 00:00:00",
    "calendarYear": "2024",
    "period": "Q1",
    "revenue": 675000000,
    "costOfRevenue": 31000000,
    "grossProfit": 644000000,
    "grossProfitRatio": 0.9540740741,
    "researchAndDevelopmentExpenses": 337000000,
    "generalAndAdministrativeExpenses": 0,
    "sellingAndMarketingExpenses": 0,
    "sellingGeneralAndAdministrativeExpenses": 196000000,
    "otherExpenses": -1000000,
    "operatingExpenses": 533000000,
    "costAndExpenses": 564000000,
    "interestIncome": 24000000,
    "interestExpense": 0,
    "depreciationAndAmortization": 41000000,
    "ebitda": 152000000,
    "ebitdaratio": 0.2251851852,
    "operatingIncome": 111000000,
    "operatingIncomeRatio": 0.1644444444,
    "totalOtherIncomeExpensesNet": 16000000,
    "incomeBeforeTax": 127000000,
    "incomeBeforeTaxRatio": 0.1881481481,
    "incomeTaxExpense": 22000000,
    "netIncome": 105000000,
    "netIncomeRatio": 0.1555555556,
    "eps": 0.1,
    "epsdiluted": 0.1,
    "weightedAverageShsOut": 1026054856,
    "weightedAverageShsOutDil": 1026054856,
    "link": null,
    "finalLink": null
  },
  {
    "date": "2023-03-31",
    "symbol": "ARM",
    "reportedCurrency": "USD",
    "cik": "0001973239",
    "fillingDate": "2023-03-31",
    "acceptedDate": "2023-03-30 20:00:00",
    "calendarYear": "2023",
    "period": "Q4",
    "revenue": 633000000,
    "costOfRevenue": 27000000,
    "grossProfit": 606000000,
    "grossProfitRatio": 0.9573459716,
    "researchAndDevelopmentExpenses": 381000000,
    "generalAndAdministrativeExpenses": 0,
    "sellingAndMarketingExpenses": 0,
    "sellingGeneralAndAdministrativeExpenses": 274000000,
    "otherExpenses": -1000000,
    "operatingExpenses": 655000000,
    "costAndExpenses": 682000000,
    "interestIncome": 21000000,
    "interestExpense": 0,
    "depreciationAndAmortization": 40000000,
    "ebitda": -9000000,
    "ebitdaratio": -0.0142180095,
    "operatingIncome": -50000000,
    "operatingIncomeRatio": -0.0789889415,
    "totalOtherIncomeExpensesNet": 55000000,
    "incomeBeforeTax": 5000000,
    "incomeBeforeTaxRatio": 0.0078988942,
    "incomeTaxExpense": 2000000,
    "netIncome": 3000000,
    "netIncomeRatio": 0.0047393365,
    "eps": 0.0029,
    "epsdiluted": 0.0029,
    "weightedAverageShsOut": 1026054856,
    "weightedAverageShsOutDil": 1026054856,
    "link": null,
    "finalLink": null
  },
  {
    "date": "2022-12-31",
    "symbol": "ARM",
    "reportedCurrency": "USD",
    "cik": "0001973239",
    "fillingDate": "2022-12-31",
    "acceptedDate": "2022-12-30 19:00:00",
    "calendarYear": "2023",
    "period": "Q3",
    "revenue": 724000000,
    "costOfRevenue": 29000000,
    "grossProfit": 695000000,
    "grossProfitRatio": 0.9599447514,
    "researchAndDevelopmentExpenses": 286000000,
    "generalAndAdministrativeExpenses": 0,
    "sellingAndMarketingExpenses": 0,
    "sellingGeneralAndAdministrativeExpenses": 163000000,
    "otherExpenses": -23000000,
    "operatingExpenses": 449000000,
    "costAndExpenses": 478000000,
    "interestIncome": 13000000,
    "interestExpense": 0,
    "depreciationAndAmortization": 43000000,
    "ebitda": 271000000,
    "ebitdaratio": 0.3743093923,
    "operatingIncome": 244000000,
    "operatingIncomeRatio": 0.3370165746,
    "totalOtherIncomeExpensesNet": -16000000,
    "incomeBeforeTax": 228000000,
    "incomeBeforeTaxRatio": 0.3149171271,
    "incomeTaxExpense": 46000000,
    "netIncome": 182000000,
    "netIncomeRatio": 0.2513812155,
    "eps": 0.18,
    "epsdiluted": 0.18,
    "weightedAverageShsOut": 1025233999,
    "weightedAverageShsOutDil": 1027918936,
    "link": null,
    "finalLink": null
  },
  {
    "date": "2022-09-30",
    "symbol": "ARM",
    "reportedCurrency": "USD",
    "cik": "0001973239",
    "fillingDate": "2022-09-30",
    "acceptedDate": "2022-09-29 20:00:00",
    "calendarYear": "2023",
    "period": "Q2",
    "revenue": 630000000,
    "costOfRevenue": 25000000,
    "grossProfit": 605000000,
    "grossProfitRatio": 0.9603174603,
    "researchAndDevelopmentExpenses": 248000000,
    "generalAndAdministrativeExpenses": 0,
    "sellingAndMarketingExpenses": 0,
    "sellingGeneralAndAdministrativeExpenses": 172000000,
    "otherExpenses": 23000000,
    "operatingExpenses": 420000000,
    "costAndExpenses": 445000000,
    "interestIncome": 6000000,
    "interestExpense": 0,
    "depreciationAndAmortization": 45000000,
    "ebitda": 197000000,
    "ebitdaratio": 0.3126984127,
    "operatingIncome": 183000000,
    "operatingIncomeRatio": 0.2904761905,
    "totalOtherIncomeExpensesNet": -31000000,
    "incomeBeforeTax": 152000000,
    "incomeBeforeTaxRatio": 0.2412698413,
    "incomeTaxExpense": 38000000,
    "netIncome": 114000000,
    "netIncomeRatio": 0.180952381,
    "eps": 0.11,
    "epsdiluted": 0.11,
    "weightedAverageShsOut": 1025233999,
    "weightedAverageShsOutDil": 1026054856,
    "link": null,
    "finalLink": null
  },
  {
    "date": "2022-06-30",
    "symbol": "ARM",
    "reportedCurrency": "USD",
    "cik": "0001973239",
    "fillingDate": "2022-06-30",
    "acceptedDate": "2022-06-29 20:00:00",
    "calendarYear": "2023",
    "period": "Q1",
    "revenue": 692000000,
    "costOfRevenue": 25000000,
    "grossProfit": 667000000,
    "grossProfitRatio": 0.9638728324,
    "researchAndDevelopmentExpenses": 218000000,
    "generalAndAdministrativeExpenses": 0,
    "sellingAndMarketingExpenses": 0,
    "sellingGeneralAndAdministrativeExpenses": 153000000,
    "otherExpenses": 4000000,
    "operatingExpenses": 371000000,
    "costAndExpenses": 396000000,
    "interestIncome": 2000000,
    "interestExpense": 0,
    "depreciationAndAmortization": 42000000,
    "ebitda": 328000000,
    "ebitdaratio": 0.4739884393,
    "operatingIncome": 294000000,
    "operatingIncomeRatio": 0.4248554913,
    "totalOtherIncomeExpensesNet": -8000000,
    "incomeBeforeTax": 286000000,
    "incomeBeforeTaxRatio": 0.4132947977,
    "incomeTaxExpense": 61000000,
    "netIncome": 225000000,
    "netIncomeRatio": 0.3251445087,
    "eps": 0.22,
    "epsdiluted": 0.22,
    "weightedAverageShsOut": 1026054856,
    "weightedAverageShsOutDil": 1026054856,
    "link": null,
    "finalLink": null
  }
]