[
  {
    "date": "2024-12-31",
    "symbol": "BRK-B",
    "reportedCurrency": "USD",
    "cik": "0001067983",
    "fillingDate": "2025-02-24",
    "acceptedDate": "2025-02-24 06:03:00",
    "calendarYear": "2024",
    "period": "FY",
    "revenue": 424232000000,
    "costOfRevenue": 0,
    "grossProfit": 424232000000,
    "grossProfitRatio": 1,
    "researchAndDevelopmentExpenses": 0,
    "generalAndAdministrativeExpenses": 7069000000,
    "sellingAndMarketingExpenses": 25642000000,
    "sellingGeneralAndAdministrativeExpenses": 32711000000,
    "otherExpenses": 281145000000,
    "operatingExpenses": 313856000000,
    "costAndExpenses": 313856000000,
    "interestIncome": 21825000000,
    "interestExpense": 5200000000,
    "depreciationAndAmortization": 12855000000,
    "ebitda": 123231000000,
    "ebitdaratio": 0.2904802089,
    "operatingIncome": 110376000000,
    "operatingIncomeRatio": 0.260178393,
    "totalOtherIncomeExpensesNet": 0,
    "incomeBeforeTax": 110376000000,
    "incomeBeforeTaxRatio": 0.260178393,
    "incomeTaxExpense": 20815000000,
    "netIncome": 88995000000,
    "netIncomeRatio": 0.2097790831,
    "eps": 41.27,
    "epsdiluted": 41.27,
    "weightedAverageShsOut": 2156580296,
    "weightedAverageShsOutDil": 2156580296,
    "link": "https://www.sec.gov/Archives/edgar/data/1067983/000095017025025210/0000950170-25-025210-index.htm",
    "finalLink": "https://www.sec.gov/Archives/edgar/data/1067983/000095017025025210/brka-20241231.htm"
  },
  {
    "date": "2023-12-31",
    "symbol": "BRK-B",
    "reportedCurrency": "USD",
    "cik": "0001067983",
    "fillingDate": "2024-02-26",
    "acceptedDate": "2024-02-26 06:08:31",
    "calendarYear": "2023",
    "period": "FY",
    "revenue": 439337000000,
    "costOfRevenue": 0,
    "grossProfit": 439337000000,
    "grossProfitRatio": 1,
    "researchAndDevelopmentExpenses": 0,
    "generalAndAdministrativeExpenses": 6037000000,
    "sellingAndMarketingExpenses": 25458000000,
    "sellingGeneralAndAdministrativeExpenses": 31495000000,
    "otherExpenses": 287676000000,
    "operatingExpenses": 319171000000,
    "costAndExpenses": 319171000000,
    "interestIncome": 15764000000,
    "interestExpense": 5003000000,
    "depreciationAndAmortization": 12486000000,
    "ebitda": 132652000000,
    "ebitdaratio": 0.301936782,
    "operatingIncome": 120166000000,
    "operatingIncomeRatio": 0.2735166854,
    "totalOtherIncomeExpensesNet": 0,
    "incomeBeforeTax": 120166000000,
    "incomeBeforeTaxRatio": 0.2735166854,
    "incomeTaxExpense": 23019000000,
    "netIncome": 96223000000,
    "netIncomeRatio": 0.2190186577,
    "eps": 44.27,
    "epsdiluted": 44.27,
    "weightedAverageShsOut": 2173319709,
    "weightedAverageShsOutDil": 2173319709,
    "link": "https://www.sec.gov/Archives/edgar/data/1067983/000095017024019719/0000950170-24-019719-index.htm",
    "finalLink": "https://www.sec.gov/Archives/edgar/data/1067983/000095017024019719/brka-20231231.htm"
  },
  {
    "date": "2022-12-31",
    "symbol": "BRK-B",
    "reportedCurrency": "USD",
    "cik": "0001067983",
    "fillingDate": "2023-02-27",
    "acceptedDate": "2023-02-27 06:04:49",
    "calendarYear": "2022",
    "period": "FY",
    "revenue": 234121000000,
    "costOfRevenue": 0,
    "grossProfit": 234121000000,
    "grossProfitRatio": 1,
    "researchAndDevelopmentExpenses": 0,
    "generalAndAdministrativeExpenses": 5550000000,
    "sellingAndMarketingExpenses": 19506000000,
    "sellingGeneralAndAdministrativeExpenses": 25056000000,
    "otherExpenses": 239565000000,
    "operatingExpenses": 264621000000,
    "costAndExpenses": 264621000000,
    "interestIncome": 10263000000,
    "interestExpense": 4352000000,
    "depreciationAndAmortization": 10899000000,
    "ebitda": -19601000000,
    "ebitdaratio": -0.0837216653,
    "operatingIncome": -30500000000,
    "operatingIncomeRatio": -0.1302745162,
    "totalOtherIncomeExpensesNet": 0,
    "incomeBeforeTax": -30500000000,
    "incomeBeforeTaxRatio": -0.1302745162,
    "incomeTaxExpense": -8502000000,
    "netIncome": -22759000000,
    "netIncomeRatio": -0.0972104168,
    "eps": -10.36,
    "epsdiluted": -10.36,
    "weightedAverageShsOut": 2203313642,
    "weightedAverageShsOutDil": 2203313642,
    "link": "https://www.sec.gov/Archives/edgar/data/1067983/000095017023004451/0000950170-23-004451-index.htm",
    "finalLink": "https://www.sec.gov/Archives/edgar/data/1067983/000095017023004451/brka-20221231.htm"
  },
  {
    "date": "2021-12-31",
    "symbol": "BRK-B",
    "reportedCurrency": "USD",
    "cik": "0001067983",
    "fillingDate": "2022-02-28",
    "acceptedDate": "2022-02-28 06:04:52",
    "calendarYear": "2021",
    "period": "FY",
    "revenue": 354727000000,
    "costOfRevenue": 0,
    "grossProfit": 354727000000,
    "grossProfitRatio": 1,
    "researchAndDevelopmentExpenses": 0,
    "generalAndAdministrativeExpenses": 4201000000,
    "sellingAndMarketingExpenses": 18843000000,
    "sellingGeneralAndAdministrativeExpenses": 23044000000,
    "otherExpenses": 219822000000,
    "operatingExpenses": 242866000000,
    "costAndExpenses": 242866000000,
    "interestIncome": 7465000000,
    "interestExpense": 4172000000,
    "depreciationAndAmortization": 10718000000,
    "ebitda": 122579000000,
    "ebitdaratio": 0.3455586973,
    "operatingIncome": 111861000000,
    "operatingIncomeRatio": 0.3153439124,
    "totalOtherIncomeExpensesNet": 0,
    "incomeBeforeTax": 111861000000,
    "incomeBeforeTaxRatio": 0.3153439124,
    "incomeTaxExpense": 20912000000,
    "netIncome": 89937000000,
    "netIncomeRatio": 0.2535386368,
    "eps": 39.64,
    "epsdiluted": 39.64,
    "weightedAverageShsOut": 2265269867,
    "weightedAverageShsOutDil": 2265269867,
    "link": "https://www.sec.gov/Archives/edgar/data/1067983/000156459022007322/0001564590-22-007322-index.htm",
    "finalLink": "https://www.sec.gov/Archives/edgar/data/1067983/000156459022007322/brka-10k_20211231.htm"
  },
  {
    "date": "2020-12-31",
    "symbol": "BRK-B",
    "reportedCurrency": "USD",
    "cik": "0001067983",
    "fillingDate": "2021-03-01",
    "acceptedDate": "2021-03-01 06:22:33",
    "calendarYear": "2020",
    "period": "FY",
    "revenue": 286325000000,
    "costOfRevenue": 0,
    "grossProfit": 286325000000,
    "grossProfitRatio": 1,
    "researchAndDevelopmentExpenses": 0,
    "generalAndAdministrativeExpenses": 3520000000,
    "sellingAndMarketingExpenses": 19809000000,
    "sellingGeneralAndAdministrativeExpenses": 23329000000,
    "otherExpenses": 207303000000,
    "operatingExpenses": 230632000000,
    "costAndExpenses": 230632000000,
    "interestIncome": 8092000000,
    "interestExpense": 4083000000,
    "depreciationAndAmortization": 10596000000,
    "ebitda": 66289000000,
    "ebitdaratio": 0.2315166332,
    "operatingIncome": 55693000000,
    "operatingIncomeRatio": 0.1945097354,
    "totalOtherIncomeExpensesNet": 0,
    "incomeBeforeTax": 55693000000,
    "incomeBeforeTaxRatio": 0.1945097354,
    "incomeTaxExpense": 12440000000,
    "netIncome": 42521000000,
    "netIncomeRatio": 0.1485060683,
    "eps": 17.78,
    "epsdiluted": 17.78,
    "weightedAverageShsOut": 2391703454,
    "weightedAverageShsOutDil": 2391703454,
    "link": "https://www.sec.gov/Archives/edgar/data/1067983/000156459021009611/0001564590-21-009611-index.htm",
    "finalLink": "https://www.sec.gov/Archives/edgar/data/1067983/000156459021009611/brka-10k_20201231.htm"
  },
  {
    "date": "2019-12-31",
    "symbol": "BRK-B",
    "reportedCurrency": "USD",
    "cik": "0001067983",
    "fillingDate": "2020-02-24",
    "acceptedDate": "2020-02-24 06:23:37",
    "calendarYear": "2019",
    "period": "FY",
    "revenue": 327223000000,
    "costOfRevenue": 0,
    "grossProfit": 327223000000,
    "grossProfitRatio": 1,
    "researchAndDevelopmentExpenses": 0,
    "generalAndAdministrativeExpenses": 4003000000,
    "sellingAndMarketingExpenses": 19226000000,
    "sellingGeneralAndAdministrativeExpenses": 23229000000,
    "otherExpenses": 201298000000,
    "operatingExpenses": 224527000000,
    "costAndExpenses": 224527000000,
    "interestIncome": 9240000000,
    "interestExpense": 3961000000,
    "depreciationAndAmortization": 10064000000,
    "ebitda": 112760000000,
    "ebitdaratio": 0.344596804,
    "operatingIncome": 102696000000,
    "operatingIncomeRatio": 0.3138410197,
    "totalOtherIncomeExpensesNet": 0,
    "incomeBeforeTax": 102696000000,
    "incomeBeforeTaxRatio": 0.3138410197,
    "incomeTaxExpense": 20904000000,
    "netIncome": 81417000000,
    "netIncomeRatio": 0.2488119723,
    "eps": 33.22,
    "epsdiluted": 33.22,
    "weightedAverageShsOut": 2450919020,
    "weightedAverageShsOutDil": 2450919020,
    "link": "https://www.sec.gov/Archives/edgar/data/1067983/000156459020005874/0001564590-20-005874-index.htm",
    "finalLink": "https://www.sec.gov/Archives/edgar/data/1067983/000156459020005874/brka-10k_20191231.htm"
  },
  {
    "date": "2018-12-31",
    "symbol": "BRK-B",
    "reportedCurrency": "USD",
    "cik": "0001067983",
    "fillingDate": "2019-02-25",
    "acceptedDate": "2019-02-25 06:20:28",
    "calendarYear": "2018",
    "period": "FY",
    "revenue": 225382000000,
    "costOfRevenue": 0,
    "grossProfit": 225382000000,
    "grossProfitRatio": 1,
    "researchAndDevelopmentExpenses": 0,
    "generalAndAdministrativeExpenses": 4061000000,
    "sellingAndMarketingExpenses": 17856000000,
    "sellingGeneralAndAdministrativeExpenses": 21917000000,
    "otherExpenses": 199464000000,
    "operatingExpenses": 221381000000,
    "costAndExpenses": 221381000000,
    "interestIncome": 7678000000,
    "interestExpense": 3853000000,
    "depreciationAndAmortization": 9779000000,
    "ebitda": 13780000000,
    "ebitdaratio": 0.0611406412,
    "operatingIncome": 4001000000,
    "operatingIncomeRatio": 0.0177520831,
    "totalOtherIncomeExpensesNet": 0,
    "incomeBeforeTax": 4001000000,
    "incomeBeforeTaxRatio": 0.0177520831,
    "incomeTaxExpense": -321000000,
    "netIncome": 4021000000,
    "netIncomeRatio": 0.0178408214,
    "eps": 1.63,
    "epsdiluted": 1.63,
    "weightedAverageShsOut": 2465691267,
    "weightedAverageShsOutDil": 2465691267,
    "link": "https://www.sec.gov/Archives/edgar/data/1067983/000119312519048926/0001193125-19-048926-index.htm",
    "finalLink": "https://www.sec.gov/Archives/edgar/data/1067983/000119312519048926/d678758d10k.htm"
  },
  {
    "date": "2017-12-31",
    "symbol": "BRK-B",
    "reportedCurrency": "USD",
    "cik": "0001067983",
    "fillingDate": "2018-02-26",
    "acceptedDate": "2018-02-26 06:12:56",
    "calendarYear": "2017",
    "period": "FY",
    "revenue": 242061000000,
    "costOfRevenue": 0,
    "grossProfit": 242061000000,
    "grossProfitRatio": 1,
    "researchAndDevelopmentExpenses": 0,
    "generalAndAdministrativeExpenses": 1455000000,
    "sellingAndMarketingExpenses": 19189000000,
    "sellingGeneralAndAdministrativeExpenses": 20644000000,
    "otherExpenses": 197579000000,
    "operatingExpenses": 218223000000,
    "costAndExpenses": 218223000000,
    "interestIncome": 6536000000,
    "interestExpense": 4386000000,
    "depreciationAndAmortization": 9188000000,
    "ebitda": 33026000000,
    "ebitdaratio": 0.1364366833,
    "operatingIncome": 23838000000,
    "operatingIncomeRatio": 0.0984793089,
    "totalOtherIncomeExpensesNet": 0,
    "incomeBeforeTax": 23838000000,
    "incomeBeforeTaxRatio": 0.0984793089,
    "incomeTaxExpense": -21515000000,
    "netIncome": 44940000000,
    "netIncomeRatio": 0.1856556818,
    "eps": 18.22,
    "epsdiluted": 18.22,
    "weightedAverageShsOut": 2466921267,
    "weightedAverageShsOutDil": 2466921267,
    "link": "https://www.sec.gov/Archives/edgar/data/1067983/000119312518057033/0001193125-18-057033-index.htm",
    "finalLink": "https://www.sec.gov/Archives/edgar/data/1067983/000119312518057033/d437858d10k.htm"
  },
  {
    "date": "2016-12-31",
    "symbol": "BRK-B",
    "reportedCurrency": "USD",
    "cik": "0001067983",
    "fillingDate": "2017-02-27",
    "acceptedDate": "2017-02-24 21:03:56",
    "calendarYear": "2016",
    "period": "FY",
    "revenue": 223418000000,
    "costOfRevenue": 0,
    "grossProfit": 223418000000,
    "grossProfitRatio": 1,
    "researchAndDevelopmentExpenses": 0,
    "generalAndAdministrativeExpenses": 1335000000,
    "sellingAndMarketingExpenses": 17973000000,
    "sellingGeneralAndAdministrativeExpenses": 19308000000,
    "otherExpenses": 170443000000,
    "operatingExpenses": 189751000000,
    "costAndExpenses": 189751000000,
    "interestIncome": 6180000000,
    "interestExpense": 3741000000,
    "depreciationAndAmortization": 8901000000,
    "ebitda": 42568000000,
    "ebitdaratio": 0.190530754,
    "operatingIncome": 33667000000,
    "operatingIncomeRatio": 0.1506906337,
    "totalOtherIncomeExpensesNet": 0,
    "incomeBeforeTax": 33667000000,
    "incomeBeforeTaxRatio": 0.1506906337,
    "incomeTaxExpense": 9240000000,
    "netIncome": 24074000000,
    "netIncomeRatio": 0.1077531801,
    "eps": 9.76,
    "epsdiluted": 9.76,
    "weightedAverageShsOut": 2465737767,
    "weightedAverageShsOutDil": 2465737767,
    "link": "https://www.sec.gov/Archives/edgar/data/1067983/000119312517056969/0001193125-17-056969-index.htm",
    "finalLink": "https://www.sec.gov/Archives/edgar/data/1067983/000119312517056969/d303001d10k.htm"
  },
  {
    "date": "2015-12-31",
    "symbol": "BRK-B",
    "reportedCurrency": "USD",
    "cik": "0001067983",
    "fillingDate": "2016-02-29",
    "acceptedDate": "2016-02-26 21:02:20",
    "calendarYear": "2015",
    "period": "FY",
    "revenue": 210943000000,
    "costOfRevenue": 0,
    "grossProfit": 210943000000,
    "grossProfitRatio": 1,
    "researchAndDevelopmentExpenses": 0,
    "generalAndAdministrativeExpenses": 0,
    "sellingAndMarketingExpenses": 15309000000,
    "sellingGeneralAndAdministrativeExpenses": 15309000000,
    "otherExpenses": 160688000000,
    "operatingExpenses": 175997000000,
    "costAndExpenses": 175997000000,
    "interestIncome": 6867000000,
    "interestExpense": 3515000000,
    "depreciationAndAmortization": 7779000000,
    "ebitda": 42725000000,
    "ebitdaratio": 0.202542867,
    "operatingIncome": 34946000000,
    "operatingIncomeRatio": 0.1656656063,
    "totalOtherIncomeExpensesNet": 0,
    "incomeBeforeTax": 34946000000,
    "incomeBeforeTaxRatio": 0.1656656063,
    "incomeTaxExpense": 10532000000,
    "netIncome": 24083000000,
    "netIncomeRatio": 0.1141682824,
    "eps": 9.77,
    "epsdiluted": 9.77,
    "weightedAverageShsOut": 2464773268,
    "weightedAverageShsOutDil": 2464773268,
    "link": "https://www.sec.gov/Archives/edgar/data/1067983/000119312516483023/0001193125-16-483023-index.htm",
    "finalLink": "https://www.sec.gov/Archives/edgar/data/1067983/000119312516483023/d103603d10k.htm"
  }
]