[
  {
    "date": "2024-12-31",
    "symbol": "BRK-B",
    "reportedCurrency": "USD",
    "cik": "0001067983",
    "fillingDate": "2025-02-24",
    "acceptedDate": "2025-02-24 06:03:00",
    "calendarYear": "2024",
    "period": "Q4",
    "revenue": 101468000000,
    "costOfRevenue": 0,
    "grossProfit": 101468000000,
    "grossProfitRatio": 1,
    "researchAndDevelopmentExpenses": 0,
    "generalAndAdministrativeExpenses": 1865000000,
    "sellingAndMarketingExpenses": 8350000000,
    "sellingGeneralAndAdministrativeExpenses": 10215000000,
    "otherExpenses": 67228000000,
    "operatingExpenses": 77443000000,
    "costAndExpenses": 77443000000,
    "interestIncome": 6375000000,
    "interestExpense": 1440000000,
    "depreciationAndAmortization": 3283000000,
    "ebitda": 27308000000,
    "ebitdaratio": 0.2691291836,
    "operatingIncome": 24025000000,
    "operatingIncomeRatio": 0.2367741554,
    "totalOtherIncomeExpensesNet": 0,
    "incomeBeforeTax": 24025000000,
    "incomeBeforeTaxRatio": 0.2367741554,
    "incomeTaxExpense": 4274000000,
    "netIncome": 19694000000,
    "netIncomeRatio": 0.1940907478,
    "eps": 9.13,
    "epsdiluted": 9.13,
    "weightedAverageShsOut": 2157034121,
    "weightedAverageShsOutDil": 2157034121,
    "link": "https://www.sec.gov/Archives/edgar/data/1067983/000095017025025210/0000950170-25-025210-index.htm",
    "finalLink": "https://www.sec.gov/Archives/edgar/data/1067983/000095017025025210/brka-20241231.htm"
  },
  {
    "date": "2024-09-30",
    "symbol": "BRK-B",
    "reportedCurrency": "USD",
    "cik": "0001067983",
    "fillingDate": "2024-11-04",
    "acceptedDate": "2024-11-04 06:01:42",
    "calendarYear": "2024",
    "period": "Q3",
    "revenue": 113509000000,
    "costOfRevenue": 0,
    "grossProfit": 113509000000,
    "grossProfitRatio": 1,
    "researchAndDevelopmentExpenses": 0,
    "generalAndAdministrativeExpenses": 1774000000,
    "sellingAndMarketingExpenses": 7324000000,
    "sellingGeneralAndAdministrativeExpenses": 9098000000,
    "otherExpenses": 71903000000,
    "operatingExpenses": 81001000000,
    "costAndExpenses": 81001000000,
    "interestIncome": 5896000000,
    "interestExpense": 1214000000,
    "depreciationAndAmortization": 3206000000,
    "ebitda": 35714000000,
    "ebitdaratio": 0.3146358439,
    "operatingIncome": 32508000000,
    "operatingIncomeRatio": 0.2863913875,
    "totalOtherIncomeExpensesNet": 0,
    "incomeBeforeTax": 32508000000,
    "incomeBeforeTaxRatio": 0.2863913875,
    "incomeTaxExpense": 6028000000,
    "netIncome": 26251000000,
    "netIncomeRatio": 0.2312680052,
    "eps": 12.18,
    "epsdiluted": 12.18,
    "weightedAverageShsOut": 2155185283,
    "weightedAverageShsOutDil": 2155185283,
    "link": "https://www.sec.gov/Archives/edgar/data/1067983/000095017024120241/0000950170-24-120241-index.htm",
    "finalLink": "https://www.sec.gov/Archives/edgar/data/1067983/000095017024120241/brka-20240930.htm"
  },
  {
    "date": "2024-06-30",
    "symbol": "BRK-B",
    "reportedCurrency": "USD",
    "cik": "0001067983",
    "fillingDate": "2024-08-05",
    "acceptedDate": "2024-08-05 06:05:01",
    "calendarYear": "2024",
    "period": "Q2",
    "revenue": 117510000000,
    "costOfRevenue": 0,
    "grossProfit": 117510000000,
    "grossProfitRatio": 1,
    "researchAndDevelopmentExpenses": 0,
    "generalAndAdministrativeExpenses": 1739000000,
    "sellingAndMarketingExpenses": 5195000000,
    "sellingGeneralAndAdministrativeExpenses": 6934000000,
    "otherExpenses": 72439000000,
    "operatingExpenses": 79373000000,
    "costAndExpenses": 79373000000,
    "interestIncome": 5249000000,
    "interestExpense": 1230000000,
    "depreciationAndAmortization": 3198000000,
    "ebitda": 41335000000,
    "ebitdaratio": 0.3517572973,
    "operatingIncome": 38137000000,
    "operatingIncomeRatio": 0.3245425921,
    "totalOtherIncomeExpensesNet": 0,
    "incomeBeforeTax": 38137000000,
    "incomeBeforeTaxRatio": 0.3245425921,
    "incomeTaxExpense": 7639000000,
    "netIncome": 30348000000,
    "netIncomeRatio": 0.2582588716,
    "eps": 14.08,
    "epsdiluted": 14.08,
    "weightedAverageShsOut": 2155185283,
    "weightedAverageShsOutDil": 2155185283,
    "link": "https://www.sec.gov/Archives/edgar/data/1067983/000095017024090305/0000950170-24-090305-index.htm",
    "finalLink": "https://www.sec.gov/Archives/edgar/data/1067983/000095017024090305/brka-20240630.htm"
  },
  {
    "date": "2024-03-31",
    "symbol": "BRK-B",
    "reportedCurrency": "USD",
    "cik": "0001067983",
    "fillingDate": "2024-05-06",
    "acceptedDate": "2024-05-06 06:03:40",
    "calendarYear": "2024",
    "period": "Q1",
    "revenue": 91745000000,
    "costOfRevenue": 0,
    "grossProfit": 91745000000,
    "grossProfitRatio": 1,
    "researchAndDevelopmentExpenses": 0,
    "generalAndAdministrativeExpenses": 1691000000,
    "sellingAndMarketingExpenses": 4773000000,
    "sellingGeneralAndAdministrativeExpenses": 6464000000,
    "otherExpenses": 69575000000,
    "operatingExpenses": 76039000000,
    "costAndExpenses": 76039000000,
    "interestIncome": 4305000000,
    "interestExpense": 1316000000,
    "depreciationAndAmortization": 3168000000,
    "ebitda": 18874000000,
    "ebitdaratio": 0.2057223827,
    "operatingIncome": 15706000000,
    "operatingIncomeRatio": 0.1711918906,
    "totalOtherIncomeExpensesNet": 0,
    "incomeBeforeTax": 15706000000,
    "incomeBeforeTaxRatio": 0.1711918906,
    "incomeTaxExpense": 2874000000,
    "netIncome": 12702000000,
    "netIncomeRatio": 0.1384489618,
    "eps": 5.88,
    "epsdiluted": 5.88,
    "weightedAverageShsOut": 2159055134,
    "weightedAverageShsOutDil": 2159055134,
    "link": "https://www.sec.gov/Archives/edgar/data/1067983/000095017024053185/0000950170-24-053185-index.htm",
    "finalLink": "https://www.sec.gov/Archives/edgar/data/1067983/000095017024053185/brka-20240331.htm"
  },
  {
    "date": "2023-12-31",
    "symbol": "BRK-B",
    "reportedCurrency": "USD",
    "cik": "0001067983",
    "fillingDate": "2024-02-26",
    "acceptedDate": "2024-02-26 06:08:31",
    "calendarYear": "2023",
    "period": "Q4",
    "revenue": 130190000000,
    "costOfRevenue": 0,
    "grossProfit": 130190000000,
    "grossProfitRatio": 1,
    "researchAndDevelopmentExpenses": 0,
    "generalAndAdministrativeExpenses": 1614000000,
    "sellingAndMarketingExpenses": 6878000000,
    "sellingGeneralAndAdministrativeExpenses": 8492000000,
    "otherExpenses": 74760000000,
    "operatingExpenses": 83252000000,
    "costAndExpenses": 83252000000,
    "interestIncome": 4439000000,
    "interestExpense": 1276000000,
    "depreciationAndAmortization": 3129000000,
    "ebitda": 50067000000,
    "ebitdaratio": 0.3845687073,
    "operatingIncome": 46938000000,
    "operatingIncomeRatio": 0.3605346033,
    "totalOtherIncomeExpensesNet": 0,
    "incomeBeforeTax": 46938000000,
    "incomeBeforeTaxRatio": 0.3605346033,
    "incomeTaxExpense": 9180000000,
    "netIncome": 37574000000,
    "netIncomeRatio": 0.2886089561,
    "eps": 17.36,
    "epsdiluted": 17.36,
    "weightedAverageShsOut": 2164177636,
    "weightedAverageShsOutDil": 2164177636,
    "link": "https://www.sec.gov/Archives/edgar/data/1067983/000095017024019719/0000950170-24-019719-index.htm",
    "finalLink": "https://www.sec.gov/Archives/edgar/data/1067983/000095017024019719/brka-20231231.htm"
  },
  {
    "date": "2023-09-30",
    "symbol": "BRK-B",
    "reportedCurrency": "USD",
    "cik": "0001067983",
    "fillingDate": "2023-11-06",
    "acceptedDate": "2023-11-06 06:05:03",
    "calendarYear": "2023",
    "period": "Q3",
    "revenue": 63432000000,
    "costOfRevenue": 0,
    "grossProfit": 63432000000,
    "grossProfitRatio": 1,
    "researchAndDevelopmentExpenses": 0,
    "generalAndAdministrativeExpenses": 1489000000,
    "sellingAndMarketingExpenses": 5120000000,
    "sellingGeneralAndAdministrativeExpenses": 6609000000,
    "otherExpenses": 73782000000,
    "operatingExpenses": 80391000000,
    "costAndExpenses": 80391000000,
    "interestIncome": 4047000000,
    "interestExpense": 1260000000,
    "depreciationAndAmortization": 3210000000,
    "ebitda": -13749000000,
    "ebitdaratio": -0.2167517972,
    "operatingIncome": -16959000000,
    "operatingIncomeRatio": -0.2673571699,
    "totalOtherIncomeExpensesNet": 0,
    "incomeBeforeTax": -16959000000,
    "incomeBeforeTaxRatio": -0.2673571699,
    "incomeTaxExpense": -4392000000,
    "netIncome": -12767000000,
    "netIncomeRatio": -0.201270652,
    "eps": -5.88,
    "epsdiluted": -5.88,
    "weightedAverageShsOut": 2170387690,
    "weightedAverageShsOutDil": 2170387690,
    "link": "https://www.sec.gov/Archives/edgar/data/1067983/000095017023058993/0000950170-23-058993-index.htm",
    "finalLink": "https://www.sec.gov/Archives/edgar/data/1067983/000095017023058993/brka-20230930.htm"
  },
  {
    "date": "2023-06-30",
    "symbol": "BRK-B",
    "reportedCurrency": "USD",
    "cik": "0001067983",
    "fillingDate": "2023-08-07",
    "acceptedDate": "2023-08-07 06:04:06",
    "calendarYear": "2023",
    "period": "Q2",
    "revenue": 125564000000,
    "costOfRevenue": 0,
    "grossProfit": 125564000000,
    "grossProfitRatio": 1,
    "researchAndDevelopmentExpenses": 0,
    "generalAndAdministrativeExpenses": 1457000000,
    "sellingAndMarketingExpenses": 5005000000,
    "sellingGeneralAndAdministrativeExpenses": 6462000000,
    "otherExpenses": 73667000000,
    "operatingExpenses": 80129000000,
    "costAndExpenses": 80129000000,
    "interestIncome": 3846000000,
    "interestExpense": 1249000000,
    "depreciationAndAmortization": 3096000000,
    "ebitda": 48531000000,
    "ebitdaratio": 0.3865040935,
    "operatingIncome": 45435000000,
    "operatingIncomeRatio": 0.3618473448,
    "totalOtherIncomeExpensesNet": 0,
    "incomeBeforeTax": 45435000000,
    "incomeBeforeTaxRatio": 0.3618473448,
    "incomeTaxExpense": 9236000000,
    "netIncome": 35912000000,
    "netIncomeRatio": 0.286005543,
    "eps": 16.52,
    "epsdiluted": 16.52,
    "weightedAverageShsOut": 2174313670,
    "weightedAverageShsOutDil": 2174313670,
    "link": "https://www.sec.gov/Archives/edgar/data/1067983/000095017023038705/0000950170-23-038705-index.htm",
    "finalLink": "https://www.sec.gov/Archives/edgar/data/1067983/000095017023038705/brka-20230630.htm"
  },
  {
    "date": "2023-03-31",
    "symbol": "BRK-B",
    "reportedCurrency": "USD",
    "cik": "0001067983",
    "fillingDate": "2023-05-08",
    "acceptedDate": "2023-05-08 06:01:35",
    "calendarYear": "2023",
    "period": "Q1",
    "revenue": 120151000000,
    "costOfRevenue": 0,
    "grossProfit": 120151000000,
    "grossProfitRatio": 1,
    "researchAndDevelopmentExpenses": 0,
    "generalAndAdministrativeExpenses": 1477000000,
    "sellingAndMarketingExpenses": 5602000000,
    "sellingGeneralAndAdministrativeExpenses": 7079000000,
    "otherExpenses": 68320000000,
    "operatingExpenses": 75399000000,
    "costAndExpenses": 75399000000,
    "interestIncome": 3229000000,
    "interestExpense": 1218000000,
    "depreciationAndAmortization": 3051000000,
    "ebitda": 47803000000,
    "ebitdaratio": 0.3978576957,
    "operatingIncome": 44752000000,
    "operatingIncomeRatio": 0.3724646487,
    "totalOtherIncomeExpensesNet": 0,
    "incomeBeforeTax": 44752000000,
    "incomeBeforeTaxRatio": 0.3724646487,
    "incomeTaxExpense": 8995000000,
    "netIncome": 35504000000,
    "netIncomeRatio": 0.2954948357,
    "eps": 16.25,
    "epsdiluted": 16.25,
    "weightedAverageShsOut": 2184657109,
    "weightedAverageShsOutDil": 2184657109,
    "link": "https://www.sec.gov/Archives/edgar/data/1067983/000095017023018438/0000950170-23-018438-index.htm",
    "finalLink": "https://www.sec.gov/Archives/edgar/data/1067983/000095017023018438/brka-20230331.htm"
  },
  {
    "date": "2022-12-31",
    "symbol": "BRK-B",
    "reportedCurrency": "USD",
    "cik": "0001067983",
    "fillingDate": "2023-02-27",
    "acceptedDate": "2023-02-27 06:04:49",
    "calendarYear": "2022",
    "period": "Q4",
    "revenue": 92628000000,
    "costOfRevenue": 0,
    "grossProfit": 92628000000,
    "grossProfitRatio": 1,
    "researchAndDevelopmentExpenses": 0,
    "generalAndAdministrativeExpenses": 1402000000,
    "sellingAndMarketingExpenses": 7425000000,
    "sellingGeneralAndAdministrativeExpenses": 8827000000,
    "otherExpenses": 61590000000,
    "operatingExpenses": 70417000000,
    "costAndExpenses": 70417000000,
    "interestIncome": 3162000000,
    "interestExpense": 1139000000,
    "depreciationAndAmortization": 2758000000,
    "ebitda": 24969000000,
    "ebitdaratio": 0.2695621194,
    "operatingIncome": 22211000000,
    "operatingIncomeRatio": 0.2397871054,
    "totalOtherIncomeExpensesNet": 0,
    "incomeBeforeTax": 22211000000,
    "incomeBeforeTaxRatio": 0.2397871054,
    "incomeTaxExpense": 3890000000,
    "netIncome": 18164000000,
    "netIncomeRatio": 0.1960962128,
    "eps": 8.27,
    "epsdiluted": 8.27,
    "weightedAverageShsOut": 2195133576,
    "weightedAverageShsOutDil": 2195133576,
    "link": "https://www.sec.gov/Archives/edgar/data/1067983/000095017023004451/0000950170-23-004451-index.htm",
    "finalLink": "https://www.sec.gov/Archives/edgar/data/1067983/000095017023004451/brka-20221231.htm"
  },
  {
    "date": "2022-09-30",
    "symbol": "BRK-B",
    "reportedCurrency": "USD",
    "cik": "0001067983",
    "fillingDate": "2022-11-07",
    "acceptedDate": "2022-11-07 06:04:15",
    "calendarYear": "2022",
    "period": "Q3",
    "revenue": 63439000000,
    "costOfRevenue": 0,
    "grossProfit": 63439000000,
    "grossProfitRatio": 1,
    "researchAndDevelopmentExpenses": 0,
    "generalAndAdministrativeExpenses": 1418000000,
    "sellingAndMarketingExpenses": 4068000000,
    "sellingGeneralAndAdministrativeExpenses": 5486000000,
    "otherExpenses": 62211000000,
    "operatingExpenses": 67697000000,
    "costAndExpenses": 67697000000,
    "interestIncome": 2378000000,
    "interestExpense": 1092000000,
    "depreciationAndAmortization": 2728000000,
    "ebitda": -1530000000,
    "ebitdaratio": -0.0241176563,
    "operatingIncome": -4258000000,
    "operatingIncomeRatio": -0.0671195952,
    "totalOtherIncomeExpensesNet": 0,
    "incomeBeforeTax": -4258000000,
    "incomeBeforeTaxRatio": -0.0671195952,
    "incomeTaxExpense": -1560000000,
    "netIncome": -2798000000,
    "netIncomeRatio": -0.0441053611,
    "eps": -1.22,
    "epsdiluted": -1.22,
    "weightedAverageShsOut": 2200417900,
    "weightedAverageShsOutDil": 2200417900,
    "link": "https://www.sec.gov/Archives/edgar/data/1067983/000095017022022287/0000950170-22-022287-index.htm",
    "finalLink": "https://www.sec.gov/Archives/edgar/data/1067983/000095017022022287/brka-20220930.htm"
  },
  {
    "date": "2022-06-30",
    "symbol": "BRK-B",
    "reportedCurrency": "USD",
    "cik": "0001067983",
    "fillingDate": "2022-08-08",
    "acceptedDate": "2022-08-08 06:04:43",
    "calendarYear": "2022",
    "period": "Q2",
    "revenue": 9282000000,
    "costOfRevenue": 0,
    "grossProfit": 9282000000,
    "grossProfitRatio": 1,
    "researchAndDevelopmentExpenses": 0,
    "generalAndAdministrativeExpenses": 1498000000,
    "sellingAndMarketingExpenses": 3762000000,
    "sellingGeneralAndAdministrativeExpenses": 5260000000,
    "otherExpenses": 59330000000,
    "operatingExpenses": 64590000000,
    "costAndExpenses": 64590000000,
    "interestIncome": 2861000000,
    "interestExpense": 1087000000,
    "depreciationAndAmortization": 2710000000,
    "ebitda": -52598000000,
    "ebitdaratio": -5.6666666667,
    "operatingIncome": -55308000000,
    "operatingIncomeRatio": -5.9586296057,
    "totalOtherIncomeExpensesNet": 0,
    "incomeBeforeTax": -55308000000,
    "incomeBeforeTaxRatio": -5.9586296057,
    "incomeTaxExpense": -12066000000,
    "netIncome": -43621000000,
    "netIncomeRatio": -4.6995259642,
    "eps": -19.84,
    "epsdiluted": -19.84,
    "weightedAverageShsOut": 2205864397,
    "weightedAverageShsOutDil": 2205864397,
    "link": "https://www.sec.gov/Archives/edgar/data/1067983/000156459022028282/0001564590-22-028282-index.htm",
    "finalLink": "https://www.sec.gov/Archives/edgar/data/1067983/000156459022028282/brka-10q_20220630.htm"
  },
  {
    "date": "2022-03-31",
    "symbol": "BRK-B",
    "reportedCurrency": "USD",
    "cik": "0001067983",
    "fillingDate": "2022-05-02",
    "acceptedDate": "2022-05-02 06:04:12",
    "calendarYear": "2022",
    "period": "Q1",
    "revenue": 68865000000,
    "costOfRevenue": 0,
    "grossProfit": 68865000000,
    "grossProfitRatio": 1,
    "researchAndDevelopmentExpenses": 0,
    "generalAndAdministrativeExpenses": 1232000000,
    "sellingAndMarketingExpenses": 4251000000,
    "sellingGeneralAndAdministrativeExpenses": 5483000000,
    "otherExpenses": 56425000000,
    "operatingExpenses": 61908000000,
    "costAndExpenses": 61908000000,
    "interestIncome": 1862000000,
    "interestExpense": 1034000000,
    "depreciationAndAmortization": 2703000000,
    "ebitda": 9660000000,
    "ebitdaratio": 0.14027445,
    "operatingIncome": 6957000000,
    "operatingIncomeRatio": 0.1010237421,
    "totalOtherIncomeExpensesNet": 0,
    "incomeBeforeTax": 6957000000,
    "incomeBeforeTaxRatio": 0.1010237421,
    "incomeTaxExpense": 1252000000,
    "netIncome": 5580000000,
    "netIncomeRatio": 0.0810280985,
    "eps": 2.47,
    "epsdiluted": 2.47,
    "weightedAverageShsOut": 2212053394,
    "weightedAverageShsOutDil": 2212053394,
    "link": "https://www.sec.gov/Archives/edgar/data/1067983/000156459022016907/0001564590-22-016907-index.htm",
    "finalLink": "https://www.sec.gov/Archives/edgar/data/1067983/000156459022016907/brka-10q_20220331.htm"
  },
  {
    "date": "2021-12-31",
    "symbol": "BRK-B",
    "reportedCurrency": "USD",
    "cik": "0001067983",
    "fillingDate": "2022-02-28",
    "acceptedDate": "2022-02-28 06:04:52",
    "calendarYear": "2021",
    "period": "Q4",
    "revenue": 112325000000,
    "costOfRevenue": 0,
    "grossProfit": 112325000000,
    "grossProfitRatio": 1,
    "researchAndDevelopmentExpenses": 0,
    "generalAndAdministrativeExpenses": 1221000000,
    "sellingAndMarketingExpenses": 4999000000,
    "sellingGeneralAndAdministrativeExpenses": 6220000000,
    "otherExpenses": 57152000000,
    "operatingExpenses": 63372000000,
    "costAndExpenses": 63372000000,
    "interestIncome": 1921000000,
    "interestExpense": 990000000,
    "depreciationAndAmortization": 2705000000,
    "ebitda": 51658000000,
    "ebitdaratio": 0.4598976185,
    "operatingIncome": 48953000000,
    "operatingIncomeRatio": 0.4358157133,
    "totalOtherIncomeExpensesNet": 0,
    "incomeBeforeTax": 48953000000,
    "incomeBeforeTaxRatio": 0.4358157133,
    "incomeTaxExpense": 9055000000,
    "netIncome": 39646000000,
    "netIncomeRatio": 0.3529579346,
    "eps": 17.62,
    "epsdiluted": 17.62,
    "weightedAverageShsOut": 2227770386,
    "weightedAverageShsOutDil": 2227770386,
    "link": "https://www.sec.gov/Archives/edgar/data/1067983/000156459022007322/0001564590-22-007322-index.htm",
    "finalLink": "https://www.sec.gov/Archives/edgar/data/1067983/000156459022007322/brka-10k_20211231.htm"
  },
  {
    "date": "2021-09-30",
    "symbol": "BRK-B",
    "reportedCurrency": "USD",
    "cik": "0001067983",
    "fillingDate": "2021-11-08",
    "acceptedDate": "2021-11-08 06:06:05",
    "calendarYear": "2021",
    "period": "Q3",
    "revenue": 75504000000,
    "costOfRevenue": 0,
    "grossProfit": 75504000000,
    "grossProfitRatio": 1,
    "researchAndDevelopmentExpenses": 0,
    "generalAndAdministrativeExpenses": 1116000000,
    "sellingAndMarketingExpenses": 4889000000,
    "sellingGeneralAndAdministrativeExpenses": 6005000000,
    "otherExpenses": 57015000000,
    "operatingExpenses": 63020000000,
    "costAndExpenses": 63020000000,
    "interestIncome": 1795000000,
    "interestExpense": 1056000000,
    "depreciationAndAmortization": 2668000000,
    "ebitda": 15152000000,
    "ebitdaratio": 0.2006781098,
    "operatingIncome": 12484000000,
    "operatingIncomeRatio": 0.1653422335,
    "totalOtherIncomeExpensesNet": 0,
    "incomeBeforeTax": 12484000000,
    "incomeBeforeTaxRatio": 0.1653422335,
    "incomeTaxExpense": 1840000000,
    "netIncome": 10344000000,
    "netIncomeRatio": 0.1369993643,
    "eps": 4.59,
    "epsdiluted": 4.59,
    "weightedAverageShsOut": 2254518373,
    "weightedAverageShsOutDil": 2254518373,
    "link": "https://www.sec.gov/Archives/edgar/data/1067983/000156459021055032/0001564590-21-055032-index.htm",
    "finalLink": "https://www.sec.gov/Archives/edgar/data/1067983/000156459021055032/brka-10q_20210930.htm"
  },
  {
    "date": "2021-06-30",
    "symbol": "BRK-B",
    "reportedCurrency": "USD",
    "cik": "0001067983",
    "fillingDate": "2021-08-09",
    "acceptedDate": "2021-08-09 06:05:15",
    "calendarYear": "2021",
    "period": "Q2",
    "revenue": 96508000000,
    "costOfRevenue": 0,
    "grossProfit": 96508000000,
    "grossProfitRatio": 1,
    "researchAndDevelopmentExpenses": 0,
    "generalAndAdministrativeExpenses": 982000000,
    "sellingAndMarketingExpenses": 5045000000,
    "sellingGeneralAndAdministrativeExpenses": 6027000000,
    "otherExpenses": 54760000000,
    "operatingExpenses": 60787000000,
    "costAndExpenses": 60787000000,
    "interestIncome": 1898000000,
    "interestExpense": 1076000000,
    "depreciationAndAmortization": 2672000000,
    "ebitda": 38393000000,
    "ebitdaratio": 0.3978219422,
    "operatingIncome": 35721000000,
    "operatingIncomeRatio": 0.3701351183,
    "totalOtherIncomeExpensesNet": 0,
    "incomeBeforeTax": 35721000000,
    "incomeBeforeTaxRatio": 0.3701351183,
    "incomeTaxExpense": 7296000000,
    "netIncome": 28094000000,
    "netIncomeRatio": 0.2911054006,
    "eps": 12.33,
    "epsdiluted": 12.33,
    "weightedAverageShsOut": 2279362860,
    "weightedAverageShsOutDil": 2279362860,
    "link": "https://www.sec.gov/Archives/edgar/data/1067983/000156459021042312/0001564590-21-042312-index.htm",
    "finalLink": "https://www.sec.gov/Archives/edgar/data/1067983/000156459021042312/brka-10q_20210630.htm"
  },
  {
    "date": "2021-03-31",
    "symbol": "BRK-B",
    "reportedCurrency": "USD",
    "cik": "0001067983",
    "fillingDate": "2021-05-03",
    "acceptedDate": "2021-05-03 08:42:26",
    "calendarYear": "2021",
    "period": "Q1",
    "revenue": 70299000000,
    "costOfRevenue": 0,
    "grossProfit": 70299000000,
    "grossProfitRatio": 1,
    "researchAndDevelopmentExpenses": 0,
    "generalAndAdministrativeExpenses": 882000000,
    "sellingAndMarketingExpenses": 3910000000,
    "sellingGeneralAndAdministrativeExpenses": 4792000000,
    "otherExpenses": 50979000000,
    "operatingExpenses": 55771000000,
    "costAndExpenses": 55771000000,
    "interestIncome": 1851000000,
    "interestExpense": 1050000000,
    "depreciationAndAmortization": 2673000000,
    "ebitda": 17201000000,
    "ebitdaratio": 0.2446834237,
    "operatingIncome": 14528000000,
    "operatingIncomeRatio": 0.2066601232,
    "totalOtherIncomeExpensesNet": 0,
    "incomeBeforeTax": 14528000000,
    "incomeBeforeTaxRatio": 0.2066601232,
    "incomeTaxExpense": 2688000000,
    "netIncome": 11711000000,
    "netIncomeRatio": 0.1665884294,
    "eps": 5.09,
    "epsdiluted": 5.09,
    "weightedAverageShsOut": 2299924850,
    "weightedAverageShsOutDil": 2299924850,
    "link": "https://www.sec.gov/Archives/edgar/data/1067983/000156459021022703/0001564590-21-022703-index.htm",
    "finalLink": "https://www.sec.gov/Archives/edgar/data/1067983/000156459021022703/brka-10q_20210331.htm"
  },
  {
    "date": "2020-12-31",
    "symbol": "BRK-B",
    "reportedCurrency": "USD",
    "cik": "0001067983",
    "fillingDate": "2021-03-01",
    "acceptedDate": "2021-03-01 06:22:33",
    "calendarYear": "2020",
    "period": "Q4",
    "revenue": 103735000000,
    "costOfRevenue": 0,
    "grossProfit": 103735000000,
    "grossProfitRatio": 1,
    "researchAndDevelopmentExpenses": 0,
    "generalAndAdministrativeExpenses": 915000000,
    "sellingAndMarketingExpenses": 5505000000,
    "sellingGeneralAndAdministrativeExpenses": 6420000000,
    "otherExpenses": 51912000000,
    "operatingExpenses": 58332000000,
    "costAndExpenses": 58332000000,
    "interestIncome": 1949000000,
    "interestExpense": 1057000000,
    "depreciationAndAmortization": 2904000000,
    "ebitda": 48307000000,
    "ebitdaratio": 0.4656769653,
    "operatingIncome": 45403000000,
    "operatingIncomeRatio": 0.4376825565,
    "totalOtherIncomeExpensesNet": 0,
    "incomeBeforeTax": 45403000000,
    "incomeBeforeTaxRatio": 0.4376825565,
    "incomeTaxExpense": 9273000000,
    "netIncome": 35835000000,
    "netIncomeRatio": 0.3454475346,
    "eps": 15.01,
    "epsdiluted": 15.01,
    "weightedAverageShsOut": 2335128332,
    "weightedAverageShsOutDil": 2335128332,
    "link": "https://www.sec.gov/Archives/edgar/data/1067983/000156459021009611/0001564590-21-009611-index.htm",
    "finalLink": "https://www.sec.gov/Archives/edgar/data/1067983/000156459021009611/brka-10k_20201231.htm"
  },
  {
    "date": "2020-09-30",
    "symbol": "BRK-B",
    "reportedCurrency": "USD",
    "cik": "0001067983",
    "fillingDate": "2020-11-09",
    "acceptedDate": "2020-11-09 06:08:26",
    "calendarYear": "2020",
    "period": "Q3",
    "revenue": 94606000000,
    "costOfRevenue": 0,
    "grossProfit": 94606000000,
    "grossProfitRatio": 1,
    "researchAndDevelopmentExpenses": 0,
    "generalAndAdministrativeExpenses": 854000000,
    "sellingAndMarketingExpenses": 5181000000,
    "sellingGeneralAndAdministrativeExpenses": 6035000000,
    "otherExpenses": 50641000000,
    "operatingExpenses": 56676000000,
    "costAndExpenses": 56676000000,
    "interestIncome": 1717000000,
    "interestExpense": 1000000000,
    "depreciationAndAmortization": 2583000000,
    "ebitda": 40513000000,
    "ebitdaratio": 0.4282286536,
    "operatingIncome": 37930000000,
    "operatingIncomeRatio": 0.4009259455,
    "totalOtherIncomeExpensesNet": 0,
    "incomeBeforeTax": 37930000000,
    "incomeBeforeTaxRatio": 0.4009259455,
    "incomeTaxExpense": 7517000000,
    "netIncome": 30137000000,
    "netIncomeRatio": 0.3185527345,
    "eps": 12.66,
    "epsdiluted": 12.66,
    "weightedAverageShsOut": 2380045810,
    "weightedAverageShsOutDil": 2380045810,
    "link": "https://www.sec.gov/Archives/edgar/data/1067983/000156459020052144/0001564590-20-052144-index.htm",
    "finalLink": "https://www.sec.gov/Archives/edgar/data/1067983/000156459020052144/brka-10q_20200930.htm"
  },
  {
    "date": "2020-06-30",
    "symbol": "BRK-B",
    "reportedCurrency": "USD",
    "cik": "0001067983",
    "fillingDate": "2020-08-10",
    "acceptedDate": "2020-08-10 06:03:21",
    "calendarYear": "2020",
    "period": "Q2",
    "revenue": 96925000000,
    "costOfRevenue": 0,
    "grossProfit": 96925000000,
    "grossProfitRatio": 1,
    "researchAndDevelopmentExpenses": 0,
    "generalAndAdministrativeExpenses": 749000000,
    "sellingAndMarketingExpenses": 4652000000,
    "sellingGeneralAndAdministrativeExpenses": 5401000000,
    "otherExpenses": 56115000000,
    "operatingExpenses": 61516000000,
    "costAndExpenses": 61516000000,
    "interestIncome": 2150000000,
    "interestExpense": 1002000000,
    "depreciationAndAmortization": 2524000000,
    "ebitda": 37933000000,
    "ebitdaratio": 0.3913644571,
    "operatingIncome": 35409000000,
    "operatingIncomeRatio": 0.3653237039,
    "totalOtherIncomeExpensesNet": 0,
    "incomeBeforeTax": 35409000000,
    "incomeBeforeTaxRatio": 0.3653237039,
    "incomeTaxExpense": 9002000000,
    "netIncome": 26295000000,
    "netIncomeRatio": 0.2712922363,
    "eps": 10.88,
    "epsdiluted": 10.88,
    "weightedAverageShsOut": 2417638791,
    "weightedAverageShsOutDil": 2417638791,
    "link": "https://www.sec.gov/Archives/edgar/data/1067983/000156459020038544/0001564590-20-038544-index.htm",
    "finalLink": "https://www.sec.gov/Archives/edgar/data/1067983/000156459020038544/brka-10q_20200630.htm"
  },
  {
    "date": "2020-03-31",
    "symbol": "BRK-B",
    "reportedCurrency": "USD",
    "cik": "0001067983",
    "fillingDate": "2020-05-04",
    "acceptedDate": "2020-05-04 06:07:05",
    "calendarYear": "2020",
    "period": "Q1",
    "revenue": -9010000000,
    "costOfRevenue": 0,
    "grossProfit": -9010000000,
    "grossProfitRatio": 1,
    "researchAndDevelopmentExpenses": 0,
    "generalAndAdministrativeExpenses": 1002000000,
    "sellingAndMarketingExpenses": 4471000000,
    "sellingGeneralAndAdministrativeExpenses": 5473000000,
    "otherExpenses": 48566000000,
    "operatingExpenses": 54039000000,
    "costAndExpenses": 54039000000,
    "interestIncome": 2276000000,
    "interestExpense": 1024000000,
    "depreciationAndAmortization": 2585000000,
    "ebitda": -60464000000,
    "ebitdaratio": 6.7107658158,
    "operatingIncome": -63049000000,
    "operatingIncomeRatio": 6.9976692564,
    "totalOtherIncomeExpensesNet": 0,
    "incomeBeforeTax": -63049000000,
    "incomeBeforeTaxRatio": 6.9976692564,
    "incomeTaxExpense": -13352000000,
    "netIncome": -49746000000,
    "netIncomeRatio": 5.5211986681,
    "eps": -20.44,
    "epsdiluted": -20.44,
    "weightedAverageShsOut": 2434332283,
    "weightedAverageShsOutDil": 2434332283,
    "link": "https://www.sec.gov/Archives/edgar/data/1067983/000156459020020599/0001564590-20-020599-index.htm",
    "finalLink": "https://www.sec.gov/Archives/edgar/data/1067983/000156459020020599/brka-10q_20200331.htm"
  }
]