[
  {
    "date": "2024-12-31",
    "symbol": "BSX",
    "reportedCurrency": "USD",
    "cik": "0000885725",
    "fillingDate": "2025-02-18",
    "acceptedDate": "2025-02-18 16:13:39",
    "calendarYear": "2024",
    "period": "FY",
    "revenue": 16747000000,
    "costOfRevenue": 5257000000,
    "grossProfit": 11490000000,
    "grossProfitRatio": 0.6860930316,
    "researchAndDevelopmentExpenses": 1615000000,
    "generalAndAdministrativeExpenses": 0,
    "sellingAndMarketingExpenses": 0,
    "sellingGeneralAndAdministrativeExpenses": 5984000000,
    "otherExpenses": 1288000000,
    "operatingExpenses": 8887000000,
    "costAndExpenses": 14144000000,
    "interestIncome": 107000000,
    "interestExpense": 305000000,
    "depreciationAndAmortization": 16000000,
    "ebitda": 2603000000,
    "ebitdaratio": 0.1554308234,
    "operatingIncome": 2603000000,
    "operatingIncomeRatio": 0.1554308234,
    "totalOtherIncomeExpensesNet": -321000000,
    "incomeBeforeTax": 2282000000,
    "incomeBeforeTaxRatio": 0.1362632113,
    "incomeTaxExpense": 436000000,
    "netIncome": 1853000000,
    "netIncomeRatio": 0.110646683,
    "eps": 1.26,
    "epsdiluted": 1.25,
    "weightedAverageShsOut": 1471500000,
    "weightedAverageShsOutDil": 1485900000,
    "link": "https://www.sec.gov/Archives/edgar/data/885725/000088572525000011/0000885725-25-000011-index.htm",
    "finalLink": "https://www.sec.gov/Archives/edgar/data/885725/000088572525000011/bsx-20241231.htm"
  },
  {
    "date": "2023-12-31",
    "symbol": "BSX",
    "reportedCurrency": "USD",
    "cik": "0000885725",
    "fillingDate": "2024-02-21",
    "acceptedDate": "2024-02-21 16:47:18",
    "calendarYear": "2023",
    "period": "FY",
    "revenue": 14240000000,
    "costOfRevenue": 4345000000,
    "grossProfit": 9895000000,
    "grossProfitRatio": 0.6948735955,
    "researchAndDevelopmentExpenses": 1414000000,
    "generalAndAdministrativeExpenses": 0,
    "sellingAndMarketingExpenses": 0,
    "sellingGeneralAndAdministrativeExpenses": 5190000000,
    "otherExpenses": 948000000,
    "operatingExpenses": 7552000000,
    "costAndExpenses": 11897000000,
    "interestIncome": 22000000,
    "interestExpense": 265000000,
    "depreciationAndAmortization": 1196000000,
    "ebitda": 3453000000,
    "ebitdaratio": 0.2424859551,
    "operatingIncome": 2343000000,
    "operatingIncomeRatio": 0.1645365169,
    "totalOtherIncomeExpensesNet": -358000000,
    "incomeBeforeTax": 1985000000,
    "incomeBeforeTaxRatio": 0.1393960674,
    "incomeTaxExpense": 393000000,
    "netIncome": 1593000000,
    "netIncomeRatio": 0.1118679775,
    "eps": 1.08,
    "epsdiluted": 1.07,
    "weightedAverageShsOut": 1453000000,
    "weightedAverageShsOutDil": 1463500000,
    "link": "https://www.sec.gov/Archives/edgar/data/885725/000088572524000020/0000885725-24-000020-index.htm",
    "finalLink": "https://www.sec.gov/Archives/edgar/data/885725/000088572524000020/bsx-20231231.htm"
  },
  {
    "date": "2022-12-31",
    "symbol": "BSX",
    "reportedCurrency": "USD",
    "cik": "0000885725",
    "fillingDate": "2023-02-23",
    "acceptedDate": "2023-02-23 16:20:14",
    "calendarYear": "2022",
    "period": "FY",
    "revenue": 12682000000,
    "costOfRevenue": 4003000000,
    "grossProfit": 8679000000,
    "grossProfitRatio": 0.6843557798,
    "researchAndDevelopmentExpenses": 1323000000,
    "generalAndAdministrativeExpenses": 0,
    "sellingAndMarketingExpenses": 0,
    "sellingGeneralAndAdministrativeExpenses": 4520000000,
    "otherExpenses": 803000000,
    "operatingExpenses": 6646000000,
    "costAndExpenses": 10649000000,
    "interestIncome": 10000000,
    "interestExpense": 470000000,
    "depreciationAndAmortization": 1136000000,
    "ebitda": 2741000000,
    "ebitdaratio": 0.216133102,
    "operatingIncome": 1649000000,
    "operatingIncomeRatio": 0.1300268097,
    "totalOtherIncomeExpensesNet": -508000000,
    "incomeBeforeTax": 1141000000,
    "incomeBeforeTaxRatio": 0.0899700363,
    "incomeTaxExpense": 443000000,
    "netIncome": 698000000,
    "netIncomeRatio": 0.0550386374,
    "eps": 0.45,
    "epsdiluted": 0.45,
    "weightedAverageShsOut": 1430500000,
    "weightedAverageShsOutDil": 1439700000,
    "link": "https://www.sec.gov/Archives/edgar/data/885725/000088572523000008/0000885725-23-000008-index.htm",
    "finalLink": "https://www.sec.gov/Archives/edgar/data/885725/000088572523000008/bsx-20221231.htm"
  },
  {
    "date": "2021-12-31",
    "symbol": "BSX",
    "reportedCurrency": "USD",
    "cik": "0000885725",
    "fillingDate": "2022-02-23",
    "acceptedDate": "2022-02-23 16:34:25",
    "calendarYear": "2021",
    "period": "FY",
    "revenue": 11888000000,
    "costOfRevenue": 3760000000,
    "grossProfit": 8128000000,
    "grossProfitRatio": 0.6837146703,
    "researchAndDevelopmentExpenses": 1204000000,
    "generalAndAdministrativeExpenses": 0,
    "sellingAndMarketingExpenses": 0,
    "sellingGeneralAndAdministrativeExpenses": 4359000000,
    "otherExpenses": 741000000,
    "operatingExpenses": 6304000000,
    "costAndExpenses": 10064000000,
    "interestIncome": 4000000,
    "interestExpense": 341000000,
    "depreciationAndAmortization": 1093000000,
    "ebitda": 2518000000,
    "ebitdaratio": 0.2118102288,
    "operatingIncome": 2043000000,
    "operatingIncomeRatio": 0.1718539704,
    "totalOtherIncomeExpensesNet": -123000000,
    "incomeBeforeTax": 1076000000,
    "incomeBeforeTaxRatio": 0.0905114401,
    "incomeTaxExpense": 36000000,
    "netIncome": 1041000000,
    "netIncomeRatio": 0.0875672948,
    "eps": 0.69,
    "epsdiluted": 0.69,
    "weightedAverageShsOut": 1422300000,
    "weightedAverageShsOutDil": 1433800000,
    "link": "https://www.sec.gov/Archives/edgar/data/885725/000088572522000006/0000885725-22-000006-index.htm",
    "finalLink": "https://www.sec.gov/Archives/edgar/data/885725/000088572522000006/bsx-20211231.htm"
  },
  {
    "date": "2020-12-31",
    "symbol": "BSX",
    "reportedCurrency": "USD",
    "cik": "0000885725",
    "fillingDate": "2021-02-23",
    "acceptedDate": "2021-02-23 16:21:50",
    "calendarYear": "2020",
    "period": "FY",
    "revenue": 9913000000,
    "costOfRevenue": 3510000000,
    "grossProfit": 6403000000,
    "grossProfitRatio": 0.6459194996,
    "researchAndDevelopmentExpenses": 1143000000,
    "generalAndAdministrativeExpenses": 0,
    "sellingAndMarketingExpenses": 0,
    "sellingGeneralAndAdministrativeExpenses": 3787000000,
    "otherExpenses": 789000000,
    "operatingExpenses": 5719000000,
    "costAndExpenses": 9229000000,
    "interestIncome": 3000000,
    "interestExpense": 361000000,
    "depreciationAndAmortization": 1122000000,
    "ebitda": 1511000000,
    "ebitdaratio": 0.1524261071,
    "operatingIncome": 1044000000,
    "operatingIncomeRatio": 0.1053162514,
    "totalOtherIncomeExpensesNet": -1123000000,
    "incomeBeforeTax": -138000000,
    "incomeBeforeTaxRatio": -0.0139211137,
    "incomeTaxExpense": 2000000,
    "netIncome": -140000000,
    "netIncomeRatio": -0.014122869,
    "eps": -0.0988,
    "epsdiluted": -0.0988,
    "weightedAverageShsOut": 1416700000,
    "weightedAverageShsOutDil": 1416700000,
    "link": "https://www.sec.gov/Archives/edgar/data/885725/000088572521000008/0000885725-21-000008-index.htm",
    "finalLink": "https://www.sec.gov/Archives/edgar/data/885725/000088572521000008/bsx-20201231.htm"
  },
  {
    "date": "2019-12-31",
    "symbol": "BSX",
    "reportedCurrency": "USD",
    "cik": "0000885725",
    "fillingDate": "2020-02-25",
    "acceptedDate": "2020-02-25 16:58:01",
    "calendarYear": "2019",
    "period": "FY",
    "revenue": 10735000000,
    "costOfRevenue": 3181000000,
    "grossProfit": 7554000000,
    "grossProfitRatio": 0.7036795529,
    "researchAndDevelopmentExpenses": 1174000000,
    "generalAndAdministrativeExpenses": 0,
    "sellingAndMarketingExpenses": 0,
    "sellingGeneralAndAdministrativeExpenses": 3941000000,
    "otherExpenses": 699000000,
    "operatingExpenses": 5814000000,
    "costAndExpenses": 8995000000,
    "interestIncome": 30000000,
    "interestExpense": 473000000,
    "depreciationAndAmortization": 1010000000,
    "ebitda": 2210000000,
    "ebitdaratio": 0.2058686539,
    "operatingIncome": 1518000000,
    "operatingIncomeRatio": 0.1414066139,
    "totalOtherIncomeExpensesNet": -831000000,
    "incomeBeforeTax": 687000000,
    "incomeBeforeTaxRatio": 0.0639962739,
    "incomeTaxExpense": -4013000000,
    "netIncome": 4700000000,
    "netIncomeRatio": 0.4378202143,
    "eps": 3.38,
    "epsdiluted": 3.33,
    "weightedAverageShsOut": 1391500000,
    "weightedAverageShsOutDil": 1410600000,
    "link": "https://www.sec.gov/Archives/edgar/data/885725/000088572520000012/0000885725-20-000012-index.htm",
    "finalLink": "https://www.sec.gov/Archives/edgar/data/885725/000088572520000012/a2019form10-k.htm"
  },
  {
    "date": "2018-12-31",
    "symbol": "BSX",
    "reportedCurrency": "USD",
    "cik": "0000885725",
    "fillingDate": "2019-02-19",
    "acceptedDate": "2019-02-19 17:21:15",
    "calendarYear": "2018",
    "period": "FY",
    "revenue": 9823000000,
    "costOfRevenue": 2883000000,
    "grossProfit": 6940000000,
    "grossProfitRatio": 0.706505141,
    "researchAndDevelopmentExpenses": 1113000000,
    "generalAndAdministrativeExpenses": 3569000000,
    "sellingAndMarketingExpenses": 0,
    "sellingGeneralAndAdministrativeExpenses": 3569000000,
    "otherExpenses": 156000000,
    "operatingExpenses": 5281000000,
    "costAndExpenses": 8164000000,
    "interestIncome": 3000000,
    "interestExpense": 241000000,
    "depreciationAndAmortization": 894000000,
    "ebitda": 2585000000,
    "ebitdaratio": 0.2631578947,
    "operatingIncome": 1506000000,
    "operatingIncomeRatio": 0.1533136516,
    "totalOtherIncomeExpensesNet": -84000000,
    "incomeBeforeTax": 1422000000,
    "incomeBeforeTaxRatio": 0.1447622926,
    "incomeTaxExpense": -249000000,
    "netIncome": 1671000000,
    "netIncomeRatio": 0.1701109641,
    "eps": 1.21,
    "epsdiluted": 1.19,
    "weightedAverageShsOut": 1381000000,
    "weightedAverageShsOutDil": 1401400000,
    "link": "https://www.sec.gov/Archives/edgar/data/885725/000088572519000011/0000885725-19-000011-index.htm",
    "finalLink": "https://www.sec.gov/Archives/edgar/data/885725/000088572519000011/a2018form10-k.htm"
  },
  {
    "date": "2017-12-31",
    "symbol": "BSX",
    "reportedCurrency": "USD",
    "cik": "0000885725",
    "fillingDate": "2018-02-20",
    "acceptedDate": "2018-02-20 06:20:01",
    "calendarYear": "2017",
    "period": "FY",
    "revenue": 9048000000,
    "costOfRevenue": 2661000000,
    "grossProfit": 6387000000,
    "grossProfitRatio": 0.7059018568,
    "researchAndDevelopmentExpenses": 997000000,
    "generalAndAdministrativeExpenses": 3294000000,
    "sellingAndMarketingExpenses": 0,
    "sellingGeneralAndAdministrativeExpenses": 3294000000,
    "otherExpenses": -124000000,
    "operatingExpenses": 4856000000,
    "costAndExpenses": 7517000000,
    "interestIncome": 5000000,
    "interestExpense": 229000000,
    "depreciationAndAmortization": 844000000,
    "ebitda": 2007000000,
    "ebitdaratio": 0.2218169761,
    "operatingIncome": 1285000000,
    "operatingIncomeRatio": 0.142020336,
    "totalOtherIncomeExpensesNet": -352000000,
    "incomeBeforeTax": 933000000,
    "incomeBeforeTaxRatio": 0.1031167109,
    "incomeTaxExpense": 828000000,
    "netIncome": 104000000,
    "netIncomeRatio": 0.0114942529,
    "eps": 0.0759,
    "epsdiluted": 0.0747,
    "weightedAverageShsOut": 1370100000,
    "weightedAverageShsOutDil": 1392700000,
    "link": "https://www.sec.gov/Archives/edgar/data/885725/000088572518000010/0000885725-18-000010-index.htm",
    "finalLink": "https://www.sec.gov/Archives/edgar/data/885725/000088572518000010/a2017form10-k.htm"
  },
  {
    "date": "2016-12-31",
    "symbol": "BSX",
    "reportedCurrency": "USD",
    "cik": "0000885725",
    "fillingDate": "2017-02-23",
    "acceptedDate": "2017-02-23 16:07:23",
    "calendarYear": "2016",
    "period": "FY",
    "revenue": 8386000000,
    "costOfRevenue": 2503000000,
    "grossProfit": 5883000000,
    "grossProfitRatio": 0.7015263534,
    "researchAndDevelopmentExpenses": 920000000,
    "generalAndAdministrativeExpenses": 3099000000,
    "sellingAndMarketingExpenses": 0,
    "sellingGeneralAndAdministrativeExpenses": 3099000000,
    "otherExpenses": -37000000,
    "operatingExpenses": 4564000000,
    "costAndExpenses": 7067000000,
    "interestIncome": 5000000,
    "interestExpense": 233000000,
    "depreciationAndAmortization": 815000000,
    "ebitda": 1226000000,
    "ebitdaratio": 0.146196041,
    "operatingIncome": 447000000,
    "operatingIncomeRatio": 0.0533031243,
    "totalOtherIncomeExpensesNet": -270000000,
    "incomeBeforeTax": 177000000,
    "incomeBeforeTaxRatio": 0.0211066062,
    "incomeTaxExpense": -170000000,
    "netIncome": 347000000,
    "netIncomeRatio": 0.041378488,
    "eps": 0.26,
    "epsdiluted": 0.25,
    "weightedAverageShsOut": 1357600000,
    "weightedAverageShsOutDil": 1377200000,
    "link": "https://www.sec.gov/Archives/edgar/data/885725/000088572517000006/0000885725-17-000006-index.htm",
    "finalLink": "https://www.sec.gov/Archives/edgar/data/885725/000088572517000006/a2016form10-k.htm"
  },
  {
    "date": "2015-12-31",
    "symbol": "BSX",
    "reportedCurrency": "USD",
    "cik": "0000885725",
    "fillingDate": "2016-02-24",
    "acceptedDate": "2016-02-24 16:10:02",
    "calendarYear": "2015",
    "period": "FY",
    "revenue": 7477000000,
    "costOfRevenue": 2243000000,
    "grossProfit": 5234000000,
    "grossProfitRatio": 0.7000133743,
    "researchAndDevelopmentExpenses": 876000000,
    "generalAndAdministrativeExpenses": 2873000000,
    "sellingAndMarketingExpenses": 0,
    "sellingGeneralAndAdministrativeExpenses": 2873000000,
    "otherExpenses": -39000000,
    "operatingExpenses": 4244000000,
    "costAndExpenses": 6487000000,
    "interestIncome": 5000000,
    "interestExpense": 284000000,
    "depreciationAndAmortization": 495000000,
    "ebitda": 360000000,
    "ebitdaratio": 0.0481476528,
    "operatingIncome": -327000000,
    "operatingIncomeRatio": -0.043734118,
    "totalOtherIncomeExpensesNet": -323000000,
    "incomeBeforeTax": -650000000,
    "incomeBeforeTaxRatio": -0.086933262,
    "incomeTaxExpense": -411000000,
    "netIncome": -239000000,
    "netIncomeRatio": -0.0319646917,
    "eps": -0.18,
    "epsdiluted": -0.18,
    "weightedAverageShsOut": 1327777777,
    "weightedAverageShsOutDil": 1341200000,
    "link": "https://www.sec.gov/Archives/edgar/data/885725/000088572516000028/0000885725-16-000028-index.htm",
    "finalLink": "https://www.sec.gov/Archives/edgar/data/885725/000088572516000028/a2015form10-k.htm"
  }
]