[
  {
    "date": "2024-12-31",
    "symbol": "BSX",
    "reportedCurrency": "USD",
    "cik": "0000885725",
    "fillingDate": "2025-02-18",
    "acceptedDate": "2025-02-18 16:13:39",
    "calendarYear": "2024",
    "period": "Q4",
    "revenue": 4561000000,
    "costOfRevenue": 1466000000,
    "grossProfit": 3095000000,
    "grossProfitRatio": 0.6785792589,
    "researchAndDevelopmentExpenses": 459000000,
    "generalAndAdministrativeExpenses": 0,
    "sellingAndMarketingExpenses": 0,
    "sellingGeneralAndAdministrativeExpenses": 1612000000,
    "otherExpenses": 349000000,
    "operatingExpenses": 2420000000,
    "costAndExpenses": 3886000000,
    "interestIncome": 107000000,
    "interestExpense": 80000000,
    "depreciationAndAmortization": 348000000,
    "ebitda": 1013000000,
    "ebitdaratio": 0.2221004166,
    "operatingIncome": 675000000,
    "operatingIncomeRatio": 0.147993861,
    "totalOtherIncomeExpensesNet": -90000000,
    "incomeBeforeTax": 585000000,
    "incomeBeforeTaxRatio": 0.1282613462,
    "incomeTaxExpense": 23000000,
    "netIncome": 566000000,
    "netIncomeRatio": 0.1240955931,
    "eps": 0.38,
    "epsdiluted": 0.38,
    "weightedAverageShsOut": 1472100000,
    "weightedAverageShsOutDil": 1486650000,
    "link": "https://www.sec.gov/Archives/edgar/data/885725/000088572525000011/0000885725-25-000011-index.htm",
    "finalLink": "https://www.sec.gov/Archives/edgar/data/885725/000088572525000011/bsx-20241231.htm"
  },
  {
    "date": "2024-09-30",
    "symbol": "BSX",
    "reportedCurrency": "USD",
    "cik": "0000885725",
    "fillingDate": "2024-11-01",
    "acceptedDate": "2024-11-01 06:33:26",
    "calendarYear": "2024",
    "period": "Q3",
    "revenue": 4209000000,
    "costOfRevenue": 1312000000,
    "grossProfit": 2897000000,
    "grossProfitRatio": 0.688287004,
    "researchAndDevelopmentExpenses": 407000000,
    "generalAndAdministrativeExpenses": 0,
    "sellingAndMarketingExpenses": 0,
    "sellingGeneralAndAdministrativeExpenses": 1562000000,
    "otherExpenses": 195000000,
    "operatingExpenses": 2164000000,
    "costAndExpenses": 3476000000,
    "interestIncome": 0,
    "interestExpense": 79000000,
    "depreciationAndAmortization": 306000000,
    "ebitda": 1054000000,
    "ebitdaratio": 0.2504157757,
    "operatingIncome": 733000000,
    "operatingIncomeRatio": 0.1741506296,
    "totalOtherIncomeExpensesNet": -64000000,
    "incomeBeforeTax": 669000000,
    "incomeBeforeTaxRatio": 0.1589451176,
    "incomeTaxExpense": 200000000,
    "netIncome": 468000000,
    "netIncomeRatio": 0.1111903065,
    "eps": 0.32,
    "epsdiluted": 0.32,
    "weightedAverageShsOut": 1472700000,
    "weightedAverageShsOutDil": 1487400000,
    "link": "https://www.sec.gov/Archives/edgar/data/885725/000088572524000073/0000885725-24-000073-index.htm",
    "finalLink": "https://www.sec.gov/Archives/edgar/data/885725/000088572524000073/bsx-20240930.htm"
  },
  {
    "date": "2024-06-30",
    "symbol": "BSX",
    "reportedCurrency": "USD",
    "cik": "0000885725",
    "fillingDate": "2024-08-01",
    "acceptedDate": "2024-08-01 16:16:14",
    "calendarYear": "2024",
    "period": "Q2",
    "revenue": 4120000000,
    "costOfRevenue": 1535000000,
    "grossProfit": 2585000000,
    "grossProfitRatio": 0.6274271845,
    "researchAndDevelopmentExpenses": 383000000,
    "generalAndAdministrativeExpenses": 0,
    "sellingAndMarketingExpenses": 0,
    "sellingGeneralAndAdministrativeExpenses": 1446000000,
    "otherExpenses": -9000000,
    "operatingExpenses": 1838000000,
    "costAndExpenses": 3373000000,
    "interestIncome": 0,
    "interestExpense": 77000000,
    "depreciationAndAmortization": 311000000,
    "ebitda": 812000000,
    "ebitdaratio": 0.1970873786,
    "operatingIncome": 747000000,
    "operatingIncomeRatio": 0.1813106796,
    "totalOtherIncomeExpensesNet": -100000000,
    "incomeBeforeTax": 420000000,
    "incomeBeforeTaxRatio": 0.1019417476,
    "incomeTaxExpense": 98000000,
    "netIncome": 324000000,
    "netIncomeRatio": 0.0786407767,
    "eps": 0.22,
    "epsdiluted": 0.22,
    "weightedAverageShsOut": 1470600000,
    "weightedAverageShsOutDil": 1484200000,
    "link": "https://www.sec.gov/Archives/edgar/data/885725/000088572524000068/0000885725-24-000068-index.htm",
    "finalLink": "https://www.sec.gov/Archives/edgar/data/885725/000088572524000068/bsx-20240630.htm"
  },
  {
    "date": "2024-03-31",
    "symbol": "BSX",
    "reportedCurrency": "USD",
    "cik": "0000885725",
    "fillingDate": "2024-05-01",
    "acceptedDate": "2024-05-01 16:05:48",
    "calendarYear": "2024",
    "period": "Q1",
    "revenue": 3856000000,
    "costOfRevenue": 1209000000,
    "grossProfit": 2647000000,
    "grossProfitRatio": 0.6864626556,
    "researchAndDevelopmentExpenses": 366000000,
    "generalAndAdministrativeExpenses": 0,
    "sellingAndMarketingExpenses": 0,
    "sellingGeneralAndAdministrativeExpenses": 1364000000,
    "otherExpenses": -224000000,
    "operatingExpenses": 1954000000,
    "costAndExpenses": 3163000000,
    "interestIncome": 0,
    "interestExpense": 69000000,
    "depreciationAndAmortization": 304000000,
    "ebitda": 984000000,
    "ebitdaratio": 0.255186722,
    "operatingIncome": 693000000,
    "operatingIncomeRatio": 0.179719917,
    "totalOtherIncomeExpensesNet": -67000000,
    "incomeBeforeTax": 608000000,
    "incomeBeforeTaxRatio": 0.1576763485,
    "incomeTaxExpense": 115000000,
    "netIncome": 492000000,
    "netIncomeRatio": 0.127593361,
    "eps": 0.34,
    "epsdiluted": 0.33,
    "weightedAverageShsOut": 1468400000,
    "weightedAverageShsOutDil": 1481700000,
    "link": "https://www.sec.gov/Archives/edgar/data/885725/000088572524000046/0000885725-24-000046-index.htm",
    "finalLink": "https://www.sec.gov/Archives/edgar/data/885725/000088572524000046/bsx-20240331.htm"
  },
  {
    "date": "2023-12-31",
    "symbol": "BSX",
    "reportedCurrency": "USD",
    "cik": "0000885725",
    "fillingDate": "2024-02-21",
    "acceptedDate": "2024-02-21 16:47:18",
    "calendarYear": "2023",
    "period": "Q4",
    "revenue": 3725000000,
    "costOfRevenue": 1147000000,
    "grossProfit": 2578000000,
    "grossProfitRatio": 0.6920805369,
    "researchAndDevelopmentExpenses": 363000000,
    "generalAndAdministrativeExpenses": 0,
    "sellingAndMarketingExpenses": 0,
    "sellingGeneralAndAdministrativeExpenses": 1379000000,
    "otherExpenses": 64000000,
    "operatingExpenses": 1961000000,
    "costAndExpenses": 3108000000,
    "interestIncome": 22000000,
    "interestExpense": 65000000,
    "depreciationAndAmortization": 313000000,
    "ebitda": 883000000,
    "ebitdaratio": 0.2370469799,
    "operatingIncome": 584000000,
    "operatingIncomeRatio": 0.1567785235,
    "totalOtherIncomeExpensesNet": -79000000,
    "incomeBeforeTax": 505000000,
    "incomeBeforeTaxRatio": 0.1355704698,
    "incomeTaxExpense": 1000000,
    "netIncome": 505000000,
    "netIncomeRatio": 0.1355704698,
    "eps": 0.34,
    "epsdiluted": 0.34,
    "weightedAverageShsOut": 1465300000,
    "weightedAverageShsOutDil": 1476900000,
    "link": "https://www.sec.gov/Archives/edgar/data/885725/000088572524000020/0000885725-24-000020-index.htm",
    "finalLink": "https://www.sec.gov/Archives/edgar/data/885725/000088572524000020/bsx-20231231.htm"
  },
  {
    "date": "2023-09-30",
    "symbol": "BSX",
    "reportedCurrency": "USD",
    "cik": "0000885725",
    "fillingDate": "2023-11-01",
    "acceptedDate": "2023-11-01 16:04:53",
    "calendarYear": "2023",
    "period": "Q3",
    "revenue": 3527000000,
    "costOfRevenue": 1112000000,
    "grossProfit": 2415000000,
    "grossProfitRatio": 0.6847178906,
    "researchAndDevelopmentExpenses": 356000000,
    "generalAndAdministrativeExpenses": 0,
    "sellingAndMarketingExpenses": 0,
    "sellingGeneralAndAdministrativeExpenses": 1242000000,
    "otherExpenses": -18000000,
    "operatingExpenses": 1806000000,
    "costAndExpenses": 2918000000,
    "interestIncome": 66000000,
    "interestExpense": 66000000,
    "depreciationAndAmortization": 301000000,
    "ebitda": 976000000,
    "ebitdaratio": 0.276722427,
    "operatingIncome": 693000000,
    "operatingIncomeRatio": 0.1964842642,
    "totalOtherIncomeExpensesNet": -83000000,
    "incomeBeforeTax": 610000000,
    "incomeBeforeTaxRatio": 0.1729515169,
    "incomeTaxExpense": 105000000,
    "netIncome": 504000000,
    "netIncomeRatio": 0.1428976467,
    "eps": 0.34,
    "epsdiluted": 0.34,
    "weightedAverageShsOut": 1464500000,
    "weightedAverageShsOutDil": 1475000000,
    "link": "https://www.sec.gov/Archives/edgar/data/885725/000088572523000048/0000885725-23-000048-index.htm",
    "finalLink": "https://www.sec.gov/Archives/edgar/data/885725/000088572523000048/bsx-20230930.htm"
  },
  {
    "date": "2023-06-30",
    "symbol": "BSX",
    "reportedCurrency": "USD",
    "cik": "0000885725",
    "fillingDate": "2023-08-03",
    "acceptedDate": "2023-08-03 16:06:50",
    "calendarYear": "2023",
    "period": "Q2",
    "revenue": 3599000000,
    "costOfRevenue": 1070000000,
    "grossProfit": 2529000000,
    "grossProfitRatio": 0.7026951931,
    "researchAndDevelopmentExpenses": 359000000,
    "generalAndAdministrativeExpenses": 0,
    "sellingAndMarketingExpenses": 0,
    "sellingGeneralAndAdministrativeExpenses": 1354000000,
    "otherExpenses": -18000000,
    "operatingExpenses": 1923000000,
    "costAndExpenses": 2993000000,
    "interestIncome": 70000000,
    "interestExpense": 70000000,
    "depreciationAndAmortization": 298000000,
    "ebitda": 795000000,
    "ebitdaratio": 0.220894693,
    "operatingIncome": 514000000,
    "operatingIncomeRatio": 0.1428174493,
    "totalOtherIncomeExpensesNet": -88000000,
    "incomeBeforeTax": 426000000,
    "incomeBeforeTaxRatio": 0.1183662128,
    "incomeTaxExpense": 156000000,
    "netIncome": 270000000,
    "netIncomeRatio": 0.0750208391,
    "eps": 0.18,
    "epsdiluted": 0.18,
    "weightedAverageShsOut": 1446200000,
    "weightedAverageShsOutDil": 1456200000,
    "link": "https://www.sec.gov/Archives/edgar/data/885725/000088572523000043/0000885725-23-000043-index.htm",
    "finalLink": "https://www.sec.gov/Archives/edgar/data/885725/000088572523000043/bsx-20230630.htm"
  },
  {
    "date": "2023-03-31",
    "symbol": "BSX",
    "reportedCurrency": "USD",
    "cik": "0000885725",
    "fillingDate": "2023-05-04",
    "acceptedDate": "2023-05-04 16:07:19",
    "calendarYear": "2023",
    "period": "Q1",
    "revenue": 3389000000,
    "costOfRevenue": 1040000000,
    "grossProfit": 2349000000,
    "grossProfitRatio": 0.6931248156,
    "researchAndDevelopmentExpenses": 337000000,
    "generalAndAdministrativeExpenses": 0,
    "sellingAndMarketingExpenses": 0,
    "sellingGeneralAndAdministrativeExpenses": 1215000000,
    "otherExpenses": 245000000,
    "operatingExpenses": 1797000000,
    "costAndExpenses": 2837000000,
    "interestIncome": 0,
    "interestExpense": 65000000,
    "depreciationAndAmortization": 285000000,
    "ebitda": 794000000,
    "ebitdaratio": 0.2342874004,
    "operatingIncome": 552000000,
    "operatingIncomeRatio": 0.1628799056,
    "totalOtherIncomeExpensesNet": -108000000,
    "incomeBeforeTax": 444000000,
    "incomeBeforeTaxRatio": 0.131012098,
    "incomeTaxExpense": 131000000,
    "netIncome": 314000000,
    "netIncomeRatio": 0.0926526999,
    "eps": 0.21,
    "epsdiluted": 0.21,
    "weightedAverageShsOut": 1435800000,
    "weightedAverageShsOutDil": 1446000000,
    "link": "https://www.sec.gov/Archives/edgar/data/885725/000088572523000026/0000885725-23-000026-index.htm",
    "finalLink": "https://www.sec.gov/Archives/edgar/data/885725/000088572523000026/bsx-20230331.htm"
  },
  {
    "date": "2022-12-31",
    "symbol": "BSX",
    "reportedCurrency": "USD",
    "cik": "0000885725",
    "fillingDate": "2023-02-23",
    "acceptedDate": "2023-02-23 16:20:14",
    "calendarYear": "2022",
    "period": "Q4",
    "revenue": 3242000000,
    "costOfRevenue": 1024000000,
    "grossProfit": 2218000000,
    "grossProfitRatio": 0.6841455891,
    "researchAndDevelopmentExpenses": 330000000,
    "generalAndAdministrativeExpenses": 0,
    "sellingAndMarketingExpenses": 0,
    "sellingGeneralAndAdministrativeExpenses": 1163000000,
    "otherExpenses": 199000000,
    "operatingExpenses": 1692000000,
    "costAndExpenses": 2716000000,
    "interestIncome": 4000000,
    "interestExpense": 64000000,
    "depreciationAndAmortization": 294000000,
    "ebitda": 757000000,
    "ebitdaratio": 0.2334978408,
    "operatingIncome": 586000000,
    "operatingIncomeRatio": 0.1807526218,
    "totalOtherIncomeExpensesNet": -53000000,
    "incomeBeforeTax": 396000000,
    "incomeBeforeTaxRatio": 0.1221468229,
    "incomeTaxExpense": 256000000,
    "netIncome": 140000000,
    "netIncomeRatio": 0.0431832202,
    "eps": 0.088,
    "epsdiluted": 0.0874,
    "weightedAverageShsOut": 1432700000,
    "weightedAverageShsOutDil": 1442400000,
    "link": "https://www.sec.gov/Archives/edgar/data/885725/000088572523000008/0000885725-23-000008-index.htm",
    "finalLink": "https://www.sec.gov/Archives/edgar/data/885725/000088572523000008/bsx-20221231.htm"
  },
  {
    "date": "2022-09-30",
    "symbol": "BSX",
    "reportedCurrency": "USD",
    "cik": "0000885725",
    "fillingDate": "2022-11-03",
    "acceptedDate": "2022-11-03 16:13:25",
    "calendarYear": "2022",
    "period": "Q3",
    "revenue": 3170000000,
    "costOfRevenue": 990000000,
    "grossProfit": 2180000000,
    "grossProfitRatio": 0.6876971609,
    "researchAndDevelopmentExpenses": 339000000,
    "generalAndAdministrativeExpenses": 0,
    "sellingAndMarketingExpenses": 0,
    "sellingGeneralAndAdministrativeExpenses": 1132000000,
    "otherExpenses": 202000000,
    "operatingExpenses": 1673000000,
    "costAndExpenses": 2663000000,
    "interestIncome": 1000000,
    "interestExpense": 63000000,
    "depreciationAndAmortization": 284000000,
    "ebitda": 593000000,
    "ebitdaratio": 0.1870662461,
    "operatingIncome": 358000000,
    "operatingIncomeRatio": 0.1129337539,
    "totalOtherIncomeExpensesNet": -113000000,
    "incomeBeforeTax": 245000000,
    "incomeBeforeTaxRatio": 0.0772870662,
    "incomeTaxExpense": 57000000,
    "netIncome": 174000000,
    "netIncomeRatio": 0.0548895899,
    "eps": 0.12,
    "epsdiluted": 0.12,
    "weightedAverageShsOut": 1431600000,
    "weightedAverageShsOutDil": 1440000000,
    "link": "https://www.sec.gov/Archives/edgar/data/885725/000088572522000028/0000885725-22-000028-index.htm",
    "finalLink": "https://www.sec.gov/Archives/edgar/data/885725/000088572522000028/bsx-20220930.htm"
  },
  {
    "date": "2022-06-30",
    "symbol": "BSX",
    "reportedCurrency": "USD",
    "cik": "0000885725",
    "fillingDate": "2022-08-04",
    "acceptedDate": "2022-08-04 16:16:38",
    "calendarYear": "2022",
    "period": "Q2",
    "revenue": 3244000000,
    "costOfRevenue": 1022000000,
    "grossProfit": 2222000000,
    "grossProfitRatio": 0.6849568434,
    "researchAndDevelopmentExpenses": 335000000,
    "generalAndAdministrativeExpenses": 0,
    "sellingAndMarketingExpenses": 0,
    "sellingGeneralAndAdministrativeExpenses": 1165000000,
    "otherExpenses": 204000000,
    "operatingExpenses": 1704000000,
    "costAndExpenses": 2726000000,
    "interestIncome": 1000000,
    "interestExpense": 64000000,
    "depreciationAndAmortization": 284000000,
    "ebitda": 692000000,
    "ebitdaratio": 0.2133168927,
    "operatingIncome": 423000000,
    "operatingIncomeRatio": 0.1303945746,
    "totalOtherIncomeExpensesNet": -78000000,
    "incomeBeforeTax": 345000000,
    "incomeBeforeTaxRatio": 0.106350185,
    "incomeTaxExpense": 85000000,
    "netIncome": 246000000,
    "netIncomeRatio": 0.0758323058,
    "eps": 0.17,
    "epsdiluted": 0.17,
    "weightedAverageShsOut": 1429700000,
    "weightedAverageShsOutDil": 1437800000,
    "link": "https://www.sec.gov/Archives/edgar/data/885725/000088572522000023/0000885725-22-000023-index.htm",
    "finalLink": "https://www.sec.gov/Archives/edgar/data/885725/000088572522000023/bsx-20220630.htm"
  },
  {
    "date": "2022-03-31",
    "symbol": "BSX",
    "reportedCurrency": "USD",
    "cik": "0000885725",
    "fillingDate": "2022-05-05",
    "acceptedDate": "2022-05-05 16:11:46",
    "calendarYear": "2022",
    "period": "Q1",
    "revenue": 3026000000,
    "costOfRevenue": 967000000,
    "grossProfit": 2059000000,
    "grossProfitRatio": 0.6804362194,
    "researchAndDevelopmentExpenses": 319000000,
    "generalAndAdministrativeExpenses": 0,
    "sellingAndMarketingExpenses": 0,
    "sellingGeneralAndAdministrativeExpenses": 1060000000,
    "otherExpenses": 198000000,
    "operatingExpenses": 1577000000,
    "costAndExpenses": 2544000000,
    "interestIncome": 4000000,
    "interestExpense": 279000000,
    "depreciationAndAmortization": 274000000,
    "ebitda": 725000000,
    "ebitdaratio": 0.2395902181,
    "operatingIncome": 466000000,
    "operatingIncomeRatio": 0.1539986781,
    "totalOtherIncomeExpensesNet": -310000000,
    "incomeBeforeTax": 156000000,
    "incomeBeforeTaxRatio": 0.0515532056,
    "incomeTaxExpense": 45000000,
    "netIncome": 96000000,
    "netIncomeRatio": 0.0317250496,
    "eps": 0.0672,
    "epsdiluted": 0.0667,
    "weightedAverageShsOut": 1427800000,
    "weightedAverageShsOutDil": 1438400000,
    "link": "https://www.sec.gov/Archives/edgar/data/885725/000088572522000013/0000885725-22-000013-index.htm",
    "finalLink": "https://www.sec.gov/Archives/edgar/data/885725/000088572522000013/bsx-20220331.htm"
  },
  {
    "date": "2021-12-31",
    "symbol": "BSX",
    "reportedCurrency": "USD",
    "cik": "0000885725",
    "fillingDate": "2022-02-23",
    "acceptedDate": "2022-02-23 16:34:25",
    "calendarYear": "2021",
    "period": "Q4",
    "revenue": 3127000000,
    "costOfRevenue": 982000000,
    "grossProfit": 2145000000,
    "grossProfitRatio": 0.685960985,
    "researchAndDevelopmentExpenses": 320000000,
    "generalAndAdministrativeExpenses": 0,
    "sellingAndMarketingExpenses": 0,
    "sellingGeneralAndAdministrativeExpenses": 1153000000,
    "otherExpenses": 26000000,
    "operatingExpenses": 1665000000,
    "costAndExpenses": 2647000000,
    "interestIncome": 1000000,
    "interestExpense": 87000000,
    "depreciationAndAmortization": 290000000,
    "ebitda": 498000000,
    "ebitdaratio": 0.1592580748,
    "operatingIncome": 180000000,
    "operatingIncomeRatio": 0.0575631596,
    "totalOtherIncomeExpensesNet": -61000000,
    "incomeBeforeTax": 120000000,
    "incomeBeforeTaxRatio": 0.0383754397,
    "incomeTaxExpense": 26000000,
    "netIncome": 82000000,
    "netIncomeRatio": 0.0262232171,
    "eps": 0.066,
    "epsdiluted": 0.0655,
    "weightedAverageShsOut": 1425200000,
    "weightedAverageShsOutDil": 1436200000,
    "link": "https://www.sec.gov/Archives/edgar/data/885725/000088572522000006/0000885725-22-000006-index.htm",
    "finalLink": "https://www.sec.gov/Archives/edgar/data/885725/000088572522000006/bsx-20211231.htm"
  },
  {
    "date": "2021-09-30",
    "symbol": "BSX",
    "reportedCurrency": "USD",
    "cik": "0000885725",
    "fillingDate": "2021-11-04",
    "acceptedDate": "2021-11-04 16:48:07",
    "calendarYear": "2021",
    "period": "Q3",
    "revenue": 2932000000,
    "costOfRevenue": 914000000,
    "grossProfit": 2018000000,
    "grossProfitRatio": 0.6882673943,
    "researchAndDevelopmentExpenses": 310000000,
    "generalAndAdministrativeExpenses": 0,
    "sellingAndMarketingExpenses": 0,
    "sellingGeneralAndAdministrativeExpenses": 1066000000,
    "otherExpenses": 181000000,
    "operatingExpenses": 1560000000,
    "costAndExpenses": 2474000000,
    "interestIncome": 1000000,
    "interestExpense": 86000000,
    "depreciationAndAmortization": 272000000,
    "ebitda": 841000000,
    "ebitdaratio": 0.286834925,
    "operatingIncome": 387000000,
    "operatingIncomeRatio": 0.1319918145,
    "totalOtherIncomeExpensesNet": 96000000,
    "incomeBeforeTax": 483000000,
    "incomeBeforeTaxRatio": 0.16473397,
    "incomeTaxExpense": 64000000,
    "netIncome": 405000000,
    "netIncomeRatio": 0.1381309686,
    "eps": 0.29,
    "epsdiluted": 0.29,
    "weightedAverageShsOut": 1423800000,
    "weightedAverageShsOutDil": 1435600000,
    "link": "https://www.sec.gov/Archives/edgar/data/885725/000088572521000052/0000885725-21-000052-index.htm",
    "finalLink": "https://www.sec.gov/Archives/edgar/data/885725/000088572521000052/bsx-20210930.htm"
  },
  {
    "date": "2021-06-30",
    "symbol": "BSX",
    "reportedCurrency": "USD",
    "cik": "0000885725",
    "fillingDate": "2021-08-06",
    "acceptedDate": "2021-08-06 16:36:02",
    "calendarYear": "2021",
    "period": "Q2",
    "revenue": 3077000000,
    "costOfRevenue": 957000000,
    "grossProfit": 2120000000,
    "grossProfitRatio": 0.6889827754,
    "researchAndDevelopmentExpenses": 298000000,
    "generalAndAdministrativeExpenses": 0,
    "sellingAndMarketingExpenses": 0,
    "sellingGeneralAndAdministrativeExpenses": 1121000000,
    "otherExpenses": -26000000,
    "operatingExpenses": 1599000000,
    "costAndExpenses": 2556000000,
    "interestIncome": 1000000,
    "interestExpense": 86000000,
    "depreciationAndAmortization": 263000000,
    "ebitda": 500000000,
    "ebitdaratio": 0.1624959376,
    "operatingIncome": 262000000,
    "operatingIncomeRatio": 0.0851478713,
    "totalOtherIncomeExpensesNet": -113000000,
    "incomeBeforeTax": 149000000,
    "incomeBeforeTaxRatio": 0.0484237894,
    "incomeTaxExpense": -37000000,
    "netIncome": 172000000,
    "netIncomeRatio": 0.0558986025,
    "eps": 0.13,
    "epsdiluted": 0.13,
    "weightedAverageShsOut": 1421300000,
    "weightedAverageShsOutDil": 1432500000,
    "link": "https://www.sec.gov/Archives/edgar/data/885725/000088572521000036/0000885725-21-000036-index.htm",
    "finalLink": "https://www.sec.gov/Archives/edgar/data/885725/000088572521000036/bsx-20210630.htm"
  },
  {
    "date": "2021-03-31",
    "symbol": "BSX",
    "reportedCurrency": "USD",
    "cik": "0000885725",
    "fillingDate": "2021-05-06",
    "acceptedDate": "2021-05-06 17:02:25",
    "calendarYear": "2021",
    "period": "Q1",
    "revenue": 2752000000,
    "costOfRevenue": 906000000,
    "grossProfit": 1846000000,
    "grossProfitRatio": 0.6707848837,
    "researchAndDevelopmentExpenses": 276000000,
    "generalAndAdministrativeExpenses": 0,
    "sellingAndMarketingExpenses": 0,
    "sellingGeneralAndAdministrativeExpenses": 1019000000,
    "otherExpenses": 37000000,
    "operatingExpenses": 1480000000,
    "costAndExpenses": 2386000000,
    "interestIncome": 1000000,
    "interestExpense": 82000000,
    "depreciationAndAmortization": 268000000,
    "ebitda": 682000000,
    "ebitdaratio": 0.2478197674,
    "operatingIncome": 370000000,
    "operatingIncomeRatio": 0.1344476744,
    "totalOtherIncomeExpensesNet": -45000000,
    "incomeBeforeTax": 325000000,
    "incomeBeforeTaxRatio": 0.1180959302,
    "incomeTaxExpense": -16000000,
    "netIncome": 327000000,
    "netIncomeRatio": 0.1188226744,
    "eps": 0.24,
    "epsdiluted": 0.24,
    "weightedAverageShsOut": 1418700000,
    "weightedAverageShsOutDil": 1430800000,
    "link": "https://www.sec.gov/Archives/edgar/data/885725/000088572521000014/0000885725-21-000014-index.htm",
    "finalLink": "https://www.sec.gov/Archives/edgar/data/885725/000088572521000014/bsx-20210331.htm"
  },
  {
    "date": "2020-12-31",
    "symbol": "BSX",
    "reportedCurrency": "USD",
    "cik": "0000885725",
    "fillingDate": "2021-02-23",
    "acceptedDate": "2021-02-23 16:21:50",
    "calendarYear": "2020",
    "period": "Q4",
    "revenue": 2708000000,
    "costOfRevenue": 1014000000,
    "grossProfit": 1694000000,
    "grossProfitRatio": 0.6255539143,
    "researchAndDevelopmentExpenses": 286000000,
    "generalAndAdministrativeExpenses": 1027000000,
    "sellingAndMarketingExpenses": 0,
    "sellingGeneralAndAdministrativeExpenses": 1027000000,
    "otherExpenses": 352000000,
    "operatingExpenses": 1507000000,
    "costAndExpenses": 2521000000,
    "interestIncome": 0,
    "interestExpense": 96000000,
    "depreciationAndAmortization": 194000000,
    "ebitda": 597000000,
    "ebitdaratio": 0.2204579025,
    "operatingIncome": -8000000,
    "operatingIncomeRatio": -0.0029542097,
    "totalOtherIncomeExpensesNet": -386000000,
    "incomeBeforeTax": 248000000,
    "incomeBeforeTaxRatio": 0.0915805022,
    "incomeTaxExpense": 96000000,
    "netIncome": 152000000,
    "netIncomeRatio": 0.0561299852,
    "eps": 0.11,
    "epsdiluted": 0.11,
    "weightedAverageShsOut": 1427700000,
    "weightedAverageShsOutDil": 1440600000,
    "link": "https://www.sec.gov/Archives/edgar/data/885725/000088572521000008/0000885725-21-000008-index.htm",
    "finalLink": "https://www.sec.gov/Archives/edgar/data/885725/000088572521000008/bsx-20201231.htm"
  },
  {
    "date": "2020-09-30",
    "symbol": "BSX",
    "reportedCurrency": "USD",
    "cik": "0000885725",
    "fillingDate": "2020-11-05",
    "acceptedDate": "2020-11-05 06:48:15",
    "calendarYear": "2020",
    "period": "Q3",
    "revenue": 2659000000,
    "costOfRevenue": 881000000,
    "grossProfit": 1778000000,
    "grossProfitRatio": 0.6686724332,
    "researchAndDevelopmentExpenses": 315000000,
    "generalAndAdministrativeExpenses": 984000000,
    "sellingAndMarketingExpenses": 0,
    "sellingGeneralAndAdministrativeExpenses": 984000000,
    "otherExpenses": 64000000,
    "operatingExpenses": 1496000000,
    "costAndExpenses": 2377000000,
    "interestIncome": 1000000,
    "interestExpense": 86000000,
    "depreciationAndAmortization": 282000000,
    "ebitda": 145000000,
    "ebitdaratio": 0.0545317789,
    "operatingIncome": -205000000,
    "operatingIncomeRatio": -0.0770966529,
    "totalOtherIncomeExpensesNet": -22000000,
    "incomeBeforeTax": -227000000,
    "incomeBeforeTaxRatio": -0.08537044,
    "incomeTaxExpense": -72000000,
    "netIncome": -155000000,
    "netIncomeRatio": -0.0582925912,
    "eps": -0.11,
    "epsdiluted": -0.11,
    "weightedAverageShsOut": 1408333333,
    "weightedAverageShsOutDil": 1430900000,
    "link": "https://www.sec.gov/Archives/edgar/data/885725/000088572520000044/0000885725-20-000044-index.htm",
    "finalLink": "https://www.sec.gov/Archives/edgar/data/885725/000088572520000044/bsx-20200930.htm"
  },
  {
    "date": "2020-06-30",
    "symbol": "BSX",
    "reportedCurrency": "USD",
    "cik": "0000885725",
    "fillingDate": "2020-08-05",
    "acceptedDate": "2020-08-05 16:31:40",
    "calendarYear": "2020",
    "period": "Q2",
    "revenue": 2003000000,
    "costOfRevenue": 799000000,
    "grossProfit": 1204000000,
    "grossProfitRatio": 0.6010983525,
    "researchAndDevelopmentExpenses": 242000000,
    "generalAndAdministrativeExpenses": 798000000,
    "sellingAndMarketingExpenses": 0,
    "sellingGeneralAndAdministrativeExpenses": 798000000,
    "otherExpenses": -18000000,
    "operatingExpenses": 1237000000,
    "costAndExpenses": 2036000000,
    "interestIncome": 0,
    "interestExpense": 91000000,
    "depreciationAndAmortization": 275000000,
    "ebitda": 191000000,
    "ebitdaratio": 0.0953569646,
    "operatingIncome": -71000000,
    "operatingIncomeRatio": -0.0354468298,
    "totalOtherIncomeExpensesNet": -110000000,
    "incomeBeforeTax": -181000000,
    "incomeBeforeTaxRatio": -0.0903644533,
    "incomeTaxExpense": -33000000,
    "netIncome": -147000000,
    "netIncomeRatio": -0.0733899151,
    "eps": -0.11,
    "epsdiluted": -0.1,
    "weightedAverageShsOut": 1381818181,
    "weightedAverageShsOutDil": 1410900000,
    "link": "https://www.sec.gov/Archives/edgar/data/885725/000088572520000036/0000885725-20-000036-index.htm",
    "finalLink": "https://www.sec.gov/Archives/edgar/data/885725/000088572520000036/bsx-20200630.htm"
  },
  {
    "date": "2020-03-31",
    "symbol": "BSX",
    "reportedCurrency": "USD",
    "cik": "0000885725",
    "fillingDate": "2020-05-06",
    "acceptedDate": "2020-05-06 17:20:28",
    "calendarYear": "2020",
    "period": "Q1",
    "revenue": 2543000000,
    "costOfRevenue": 818000000,
    "grossProfit": 1725000000,
    "grossProfitRatio": 0.6783326779,
    "researchAndDevelopmentExpenses": 300000000,
    "generalAndAdministrativeExpenses": 978000000,
    "sellingAndMarketingExpenses": 0,
    "sellingGeneralAndAdministrativeExpenses": 978000000,
    "otherExpenses": -36000000,
    "operatingExpenses": 1479000000,
    "costAndExpenses": 2297000000,
    "interestIncome": 1000000,
    "interestExpense": 88000000,
    "depreciationAndAmortization": 277000000,
    "ebitda": 392000000,
    "ebitdaratio": 0.1541486433,
    "operatingIncome": 146000000,
    "operatingIncomeRatio": 0.0574125049,
    "totalOtherIncomeExpensesNet": -124000000,
    "incomeBeforeTax": 22000000,
    "incomeBeforeTaxRatio": 0.0086511994,
    "incomeTaxExpense": 12000000,
    "netIncome": 11000000,
    "netIncomeRatio": 0.0043255997,
    "eps": 0.0079,
    "epsdiluted": 0.0078,
    "weightedAverageShsOut": 1397400000,
    "weightedAverageShsOutDil": 1413500000,
    "link": "https://www.sec.gov/Archives/edgar/data/885725/000088572520000022/0000885725-20-000022-index.htm",
    "finalLink": "https://www.sec.gov/Archives/edgar/data/885725/000088572520000022/q12020form10-q.htm"
  }
]